2654 4085
1014 385 1758 489 QUINTUS.
2138 425 2224 495 μ

392 606 1428 715 TYPOGRAPHUS
1491 612 2115 718 LECTORI
2176 620 2256 720 S·

486 868 614 916 Uum
665 868 863 917 Aussori
906 868 1188 918 innotuisset
1218 901 1235 930 ,
1274 887 1452 924 novam
1486 889 1514 920 a
1549 888 1624 921 me
1651 875 1863 936 priorum
1894 887 2130 936 quattuor
2154 879 2339 929 Sermo·

305 883 477 1072 Q
517 947 661 988 num,
687 947 809 995 quos
833 947 954 1007 eum·
977 934 1154 996 quinto
1185 936 1274 984 hoc
1293 967 1309 993 ,
1344 956 1488 1003 quem
1516 939 1733 988 dedimus
1762 971 1777 997 ,
1816 941 2157 1004 conjungerem
2186 973 2202 1000 ,
2235 947 2340 993 edi·

518 999 702 1046 tionem
731 997 958 1045 adornari
985 1026 1003 1054 ,
1048 1012 1233 1047 mecum
1278 1015 1332 1048 ur
1367 1005 1530 1053 sedulo
1566 1018 1825 1065 ageretur,
1854 1006 2009 1053 statim
2040 1011 2229 1055 curavit
2249 1025 2340 1066 ,ne

520 1063 637 1125 quid
669 1063 766 1110 tale
797 1062 1109 1122 susciperem:
1143 1071 1438 1128 nequeenim
1470 1069 1673 1129 potuisse
1692 1069 1734 1116 se
1762 1085 1843 1131 per
1872 1074 2220 1133 occupationes
2246 1069 2345 1120 suas

299 1130 462 1178 omnia
485 1156 501 1183 ,
536 1141 661 1188 quae
694 1129 742 1173 in
779 1126 1099 1186 superioribus
1125 1129 1424 1181 editionibus
1452 1132 1643 1181 fuissent
1682 1136 1743 1182 ab
1775 1138 1962 1194 operis,
1995 1134 2272 1197 praesertim
2295 1139 2344 1184 in

305 1192 583 1241 nominibus
615 1190 853 1251 propriis,
880 1202 1114 1250 peccata,
1137 1195 1425 1258 corrigere;
1467 1212 1622 1259 neque
1655 1199 1809 1246 adhuc
1839 1201 1910 1246 Μ.
1961 1202 2344 1252 Philocardium...

303 1258 548 1305 uberiores
582 1254 686 1302 suas
716 1256 764 1301 in
799 1252 989 1301 eosdem
1016 1256 1266 1305 Sermones
1292 1264 1625 1309 enarrationes
1650 1292 1668 1318 ,
1705 1279 1821 1325 quas
1852 1265 2059 1311 habebat
2099 1267 2146 1310 in
2197 1271 2349 1313 mani-

302 1322 421 1374 bus,
449 1335 505 1366 ex
540 1318 754 1367 Insubria
787 1317 977 1366 mififfe.
1006 1321 1197 1369 Interea
1230 1326 1422 1386 quidem
1453 1324 1679 1384 jubebat,
1707 1332 1766 1375 de
1796 1343 1891 1374 uno
1921 1328 2065 1375 modo
2098 1328 2209 1377 loco
2240 1344 2346 1376 cor·

302 1383 511 1446 rigendo
546 1381 764 1429 tenores
789 1385 1068 1430 admoneri·
1100 1389 1143 1431 Is
1172 1387 1232 1432 est
1271 1390 1418 1436 Serm.
1452 1391 1540 1438 1V.
1569 1392 1704 1439 versu
1743 1407 1853 1452 140,
1884 1392 1933 1436 in
1969 1407 2067 1451 quo
2114 1409 2210 1440 non
2251 1395 2344 1441 Ru-

290 1447 376 1514 fus
395 1476 411 1501 ‚
445 1444 749 1497 Perihonius,
778 1446 855 1491 sed
883 1446 1140 1498 Grandus,
1173 1450 1437 1505 Valfichrus
1474 1452 1729 1509 legendum
1759 1454 1820 1496 est
1845 1481 1861 1496 .
1891 1454 2119 1514 Reliquas
2146 1469 2344 1514 autem,

298 1512 551 1560 nominum
581 1506 864 1569 praesertim
891 1532 910 1562 ,
950 1505 1272 1556 correc‘tiones
1309 1510 1370 1557 ad
1407 1517 1658 1574 proximae
1694 1513 1925 1561 editionis
1968 1527 2156 1579 tempus
2198 1523 2347 1569 reser-

297 1576 485 1626 vabat.

428 1639 593 1700 Quum
624 1648 786 1684 autem
812 1636 860 1683 in
890 1636 1088 1685 Cesellii
1111 1636 1295 1687 famoso
1326 1638 1494 1688 libello
1521 1639 1582 1688 de
1613 1641 1820 1704 quadam
1852 1644 2158 1702 Leydenlium
2191 1647 2350 1695 Theo-

299 1704 556 1768 logorum,
580 1705 727 1748 etiam
758 1703 1127 1750 Haereticorum
1155 1705 1319 1767 (quasi
1354 1706 1426 1763 id,
1452 1705 1529 1752 ubi
1565 1706 1625 1753 de
1658 1708 1989 1756 maledicendo
2009 1711 2212 1770 Jesuitis
2242 1715 2349 1775 agi-

299 1782 379 1817 tur
398 1799 414 1824 ‚
450 1767 658 1815 summae
691 1768 759 1813 rei
786 1765 974 1828 pondus
999 1765 1210 1816 adferret
1229 1786 1244 1817 .·
1274 1786 1422 1832 quum
1449 1785 1590 1818 nemo
1620 1771 1801 1819 nesciat
1822 1804 1838 1831 ,
1857 1776 2105 1822 Theatinis
2123 1778 2349 1838 acJesui-

301 1835 362 1881 tis
383 1862 400 1889 ,
430 1844 484 1879 ut
519 1832 680 1879 dicere
711 1830 986 1878 Cardinalis
1015 1834 1148 1880 Bona
1175 1833 1356 1882 solebat
1376 1867 1392 1893 ‚
1422 1836 1542 1882 solos
1573 1835 1662 1882 effe
1705 1836 1798 1883 five
1845 1840 2158 1887 Acatholicos
2192 1870 2208 1895 ,
2252 1841 2348 1889 five

298 1897 705 1947 Cacocatholicos
742 1893 993 1957 infensos)
1024 1897 1279 1946 Decifione
1315 1899 1366 1946 fit
1393 1900 1575 1957 sermo,
1606 1916 1727 1962 quos
1756 1902 1905 1949 libelli
1936 1904 2095 1950 editor
2121 1935 2137 1961 ,
2170 1905 2243 1953 seu
2269 1920 2353 1951 ve-

300 1965 395 2010 rius
427 1961 592 2016 acior,
621 1975 720 2023 quo
750 1960 839 2007 suae
871 1962 1208 2019 conscientiae,
1245 1965 1392 2013 homo
1432 1965 1612 2013 scilicet
1647 1966 1897 2028 religiosus
1926 1998 1941 2023 ,
1990 1970 2346 2032 tranquillitati

299 2028 602 2089 prospiceret
632 2054 649 2081 ,
683 2024 863 2072 dicitur
900 2027 1186 2075 consuluiffe
1212 2044 1230 2078 .·
1264 2030 1447 2092 placuit
1488 2031 1772 2093 quibusdam
1821 2032 2108 2095 gravissimis
2151 2036 2263 2082 viris
2288 2036 2349 2082 de

302 2091 496 2141 Cesellii
532 2089 702 2137 eodem
732 2088 860 2137 facio
893 2091 1252 2141 celeberrimam
1283 2096 1506 2157 Europae
1545 2095 1920 2144 Univerfitatem
1976 2098 2223 2146 consulere
2254 2118 2269 2147 :
2317 2115 2345 2146 a

302 2172 397 2219 qua
431 2155 476 2201 id
518 2152 746 2211 iudicium
777 2185 794 2213 ,
839 2156 969 2218 quod
1010 2156 1254 2213 subjiciam
1286 2188 1302 2214 ,
1353 2161 1567 2208 unanimi
1603 2163 1816 2208 omnium
1849 2161 2144 2218 Dotflorum,
2173 2165 2346 2226 quibus

300 2223 386 2269 illa
417 2218 470 2269 ὅτ
508 2220 673 2267 multis
699 2219 754 2269 ὃ(
788 2220 1135 2282 sapientissimis
1176 2225 1424 2282 abundat,
1464 2224 1690 2273 consensu
1732 2227 2008 2287 prolatum,
2051 2227 2101 2275 &
2146 2228 2352 2289 singulo-

302 2301 406 2334 rum
438 2286 767 2346 chirographo
802 2285 1078 2345 firmatum,
1120 2292 1397 2350 nuperrime
1426 2289 1730 2338 retulerunt.
1764 2293 1839 2338 Ne
1871 2304 2032 2339 autem
2072 2292 2235 2340 Lebior
2270 2297 2354 2339 de-

304 2352 504 2399 siderare
539 2351 799 2413 quicquam
836 2350 1001 2413 poffit:
1038 2353 1344 2410 Leydensium
1376 2355 1736 2418 Theologorum
1761 2356 2124 2404 Catholicorum
2159 2355 2355 2404 &Aca-

306 2415 606 2463 tholicorum
632 2414 916 2463 decisionem
940 2446 955 2470 ,
984 2417 1092 2465 satis
1122 2419 1169 2466 in
1201 2419 1460 2467 Ceselliani
1503 2421 1663 2481 operis
1695 2419 1998 2481 praefatione
2028 2424 2354 2478 declaratam,

302 2493 634 2541 exponemus,
663 2479 1017 2540 praefationem
1055 2483 1203 2544 ipsam
1239 2486 1444 2533 totidem
1475 2486 1630 2532 verbis
1667 2485 1992 2532 describentes
2032 2498 2042 2531 :
2099 2500 2200 2533 tum
2234 2484 2347 2534 facli

306 2546 507 2599 seriem,
539 2545 599 2591 de
635 2560 791 2607 eoque
820 2546 1156 2596 dubitationes
1189 2548 1322 2606 suas,
1355 2549 1668 2598 Univerfitati
1710 2550 1778 2596 illi
1808 2551 2147 2598 celeberrimae
2176 2567 2202 2597 a
2243 2566 2352 2615 gra-

305 2608 528 2662 vissimis,
562 2624 683 2671 quos
711 2612 846 2670 dixi„
877 2616 992 2659 viris
1024 2612 1290 2675 propositas
1318 2612 1616 2661 adferemus:
1656 2616 1866 2677 denique
1897 2616 2255 2676 Theologorum
2300 2617 2359 2663 il·

304 2673 492 2729 lorum,
522 2686 729 2734 quorum
771 2690 914 2725 nemo
946 2679 1321 2728 communionis
1344 2680 1616 2728 catholicae
1643 2694 1741 2728 non
1763 2681 1853 2737 est,
1883 2680 2204 2739 sententiam,
2235 2681 2354 2730 defi·
2422 2740 2426 2744 ⁴

304 2740 642 2799 tuitionemque
675 2739 933 2791 subdemus
956 2771 973 2789 .

308 2934 333 2981 h
361 2869 462 2981 H·§
485 2871 537 2998 >1-
578 2869 953 2924 Avvertimento
982 2891 1010 2924 a
1036 2874 1115 2923 chi
1147 2874 1287 2942 legge
1310 2905 1325 2922 ·
1352 2877 1453 2942 (ex
1491 2875 1694 2927 editione
1737 2876 1969 2941 Leydenst
1998 2877 2254 2946 Ceselliam'
2291 2875 2358 2925 li-

336 2951 356 2982 e
399 2950 415 2982 t
434 2963 452 2981 .

440 3068 522 3115 Ho
557 3065 796 3120 creduto,
823 3070 982 3120 amico
1010 3073 1211 3124 Lettore
1236 3104 1252 3132 ,
1282 3073 1331 3123 di
1362 3073 1475 3124 farti
1499 3078 1607 3126 cosa
1650 3075 1770 3126 utile
1803 3091 1830 3124 e
1858 3090 1998 3141 grata
2034 3108 2050 3134 ,
2096 3090 2186 3124 con
2232 3075 2349 3122 dare

310 3130 404 3179 alla
438 3132 543 3179 luce
572 3129 734 3194 questo
766 3133 1166 3194 Ragionamento
1205 3143 1432 3201 poetico:
1472 3142 1731 3192 effendomi
1777 3143 1896 3191 stato
1933 3143 2246 3192 comunicato
2286 3141 2346 3186 da

311 3211 374 3245 un
403 3199 532 3245 ricco
562 3199 816 3245 Mercante
849 3200 1059 3250 {taliano
1086 3206 1136 3252 in
1172 3205 1498 3264 Amsterdam,
1537 3224 1562 3255 e
1592 3210 1783 3257 avendo
1812 3209 1988 3255 sentito
2021 3211 2052 3255 il
2103 3222 2270 3269 parere
2306 3206 2354 3252 di

314 3261 473 3309 alcuni
505 3262 578 3309 de’
603 3262 684 3322 piu
716 3262 844 3327 (aggi
877 3264 1121 3318 l’rofeffori
1153 3273 1200 3320 di
1235 3272 1392 3332 questa
1431 3272 1610 3320 illustre
1653 3273 1927 3325 Universita
1965 3304 1982 3329 ,
2024 3276 2084 3320 mi
2123 3275 2299 3319 animai
2330 3286 2354 3317 a

319 3323 542 3388 sperare,
585 3341 770 3391 quanto
800 3332 863 3378 bo
890 3329 1064 3379 detto.
1097 3338 1180 3384 Ma
1215 3338 1389 3397 poiche
1431 3338 1618 3389 vedeva
1653 3343 1701 3388 in
1736 3336 1828 3387 esso
1864 3337 2128 3393 contenerli
2163 3353 2254 3383 una
2286 3338 2357 3382 di-

2178 3402 2294 3463 sesa,
