2654 4085
2128 255 2214 292 ·1.1

311 331 376 386 In
411 326 497 381 sua
525 338 662 381 vota
694 321 901 378 trahit.
938 317 1106 377 Fastu
1136 318 1264 376 hine
1297 328 1509 384 tumet,
1550 326 1713 386 atque
1747 312 1948 385 petitas

314 407 404 463 Ad
438 405 594 461 socios
629 400 869 458 traducit
912 418 1074 472 opes,
1110 407 1127 432 ¹
1173 396 1236 452 δε
1266 415 1461 450 nomen
1493 395 1648 448 inane

313 488 431 542 Aut
470 482 664 551 sancti,
705 496 799 534 aut
833 476 1010 534 docti.
1051 476 1208 533 Num
1246 475 1468 529 credula
1511 470 1716 526 femina
1747 467 1916 521 iudex

316 566 485 620 Iustus
523 564 624 618 erit
650 560 670 611 ?
696 556 958 613 Thalami
994 557 1164 612 sociae
1204 573 1299 609 nec
1339 553 1526 609 credat
1562 562 1783 605 amatae

314 643 558 714 Simplex
589 680 603 706 ‚
627 635 690 690 ὅς
723 634 898 692 tracta
933 636 1210 691 ducendus
1251 653 1378 689 nare
1412 627 1689 686 maritus?

467 716 640 771 Haud
679 717 927 787 equidem
971 716 1231 781 invideo;
1284 715 1458 769 miror
1508 708 1681 780 magis
1708 750 1720 760 .
1765 701 1890 777 Ipse
1935 720 2002 759 ne
2047 703 2213 761 miror
2241 706 2266 758 ἲ

316 798 504 873 Qtum
549 812 652 847 non
704 812 794 847 me
842 793 1049 850 astutae
1095 793 1309 866 fugiant
1369 790 1618 866 graviora
1666 800 1922 842 catervae

318 876 563 929 Crimina
598 872 618 924 ?
648 870 752 926 Sed
789 869 941 926 fusco
988 873 1086 926 sub
1125 874 1398 946 religionis
1452 862 1660 927 amidtu

316 956 463 1010 Tuta
509 955 684 1009 latent
716 996 731 1022 ,
773 950 1024 1024 ritusque
1070 953 1183 1024 pios
1217 995 1232 1019 ‚
1291 953 1353 1007 ὃς
1405 954 1587 1015 sacra,
1637 942 1969 1018 profanant.

318 1035 462 1090 Audi
514 1033 705 1104 igitur.
753 1031 968 1086 Virides
1000 1049 1168 1104 prope
1203 1049 1336 1104 quos
1383 1025 1658 1086 Florentia
1708 1043 1933 1097 campos

322 1113 601 1186 Despicit,
633 1109 693 1165 ὃ(
734 1111 921 1182 vitreis
954 1107 1134 1164 Arnus
1178 1109 1522 1183 praeterfluit
1562 1102 1718 1157 undis
1747 1146 1764 1171 ,

324 1192 555 1248 Subdola
588 1210 709 1262 gens
747 1188 1017 1262 quondam
1050 1187 1284 1245 infistens
1326 1201 1349 1226 ²
1397 1190 1636 1244 clamore
1685 1196 1937 1254 patentes

332 1268 660 1325 Incendebat
695 1287 876 1340 agros.
919 1264 1043 1322 Stat
1080 1268 1284 1322 circum
1339 1268 1558 1342 pulpita
1609 1262 1796 1336 plebes
1827 1303 1848 1328 ,

322 1347 537 1402 Matres
572 1387 588 1411 ‚
627 1361 793 1416 atque
839 1347 940 1399 viri
977 1386 991 1410 ,
1046 1347 1197 1418 pueri
1234 1389 1250 1414 ‚
1306 1348 1670 1418 innuptaeque
1722 1337 1967 1412 puellam

322 1426 430 1481 His
473 1423 638 1494 igitur
680 1419 887 1474 iactant
947 1421 996 1473 se
1042 1422 1275 1490 pandere
1323 1425 1512 1472 limina
1562 1418 1751 1476 coeli,

324 1503 701 1568 Claudereque
751 1498 1005 1553 immanis
1051 1497 1451 1570 trepidantibus
1498 1492 1634 1548 ostia
1682 1488 1835 1544 Ditis
1863 1529 1883 1557 ‚

322 1579 390 1633 Se
433 1578 594 1629 modo
639 1575 842 1633 lustrali
892 1591 1120 1652 purgent
1172 1575 1407 1628 humore
1451 1572 1736 1626 madentes

325 1656 561 1726 Virginis
608 1653 850 1725 auspiciis
881 1700 897 1724 ,
942 1674 1108 1727 quarn
1140 1693 1157 1718 ,
1212 1667 1498 1721 tamquam
1541 1648 1692 1701 fonte
1737 1643 2038 1717 Napaeam

329 1739 684 1791 Gaudentem
716 1777 730 1802 ,
777 1736 1024 1791 attonitis
1068 1732 1328 1805 pingunt.
1377 1727 1498 1782 Iam
1548 1725 1702 1780 scena
1744 1721 1967 1778 coruscis

330 1814 627 1870 Arboribus
664 1810 753 1884 figi
791 1858 805 1881 ,
856 1833 1022 1888 atque
1063 1809 1345 1880 adsurgere
1386 1807 1533 1861 mole
1584 1804 1805 1858 iubetur

330 1894 657 1952 Frondenti.
704 1893 968 1948 Excurrit
1016 1890 1274 1946 certatim
1323 1888 1516 1944 rustica
1564 1884 1730 1957 pubes
1761 1924 1778 1949 ,

340 1976 572 2043 luraque
614 1988 960 2026 contemnens
999 2013 1014 2038 ‚
1068 1968 1129 2024 &
1179 1986 1315 2040 quae
1355 1967 1422 2021 sit
1471 1984 1598 2021 cura
1642 1960 1863 2032 regundi
1900 1972 1921 2012 3

331 2051 476 2107 Finis
510 2094 525 2118 ‚
574 2048 636 2102 &
677 2068 743 2103 an
796 2048 964 2121 pass'us
1011 2045 1379 2120 praescribant
1418 2049 1648 2120 quinque
1690 2040 1953 2107 Solones,

331 2130 588 2202 Ignorans
618 2169 632 2193 ‚
676 2147 827 2200 agros
864 2172 877 2195 ‚
932 2130 1213 2200 vicinaque
1256 2129 1473 2200 praedia
1518 2126 1631 2180 late

332 2207 551 2262 Invadit
583 2247 599 2272 ‚
646 2207 924 2278 tenditque
963 2206 1100 2260 altos
1144 2205 1443 2278 discerpere
1490 2220 1670 2259 ramos
1706 2242 1722 2271 ,

336 2285 419 2340 Vt
453 2284 505 2339 se
545 2282 762 2357 quisque
805 2283 982 2339 ferunt
1020 2327 1036 2351 ‚
1081 2286 1228 2339 nullo
1278 2277 1592 2339 discrimine
1617 2279 1828 2347 silvae,⁴

347 2364 465 2419 Aut
506 2364 703 2430 horti,
750 2365 888 2417 vites
915 2407 931 2432 ‚
975 2365 1129 2434 pinus
1156 2408 1172 2433 ,
1221 2363 1529 2434 cerasosque
1559 2402 1573 2427 ‚
1621 2356 1885 2432 pyrosque
1914 2362 1935 2424 ,“

348 2442 693 2517 Qiercusque
724 2482 739 2506 ,
786 2440 1070 2513 laurusque
1105 2484 1121 2509 ‚
1167 2442 1228 2497 &
1273 2440 1534 2497 coniferas
1587 2433 1875 2509 cyparissos
1904 2474 1921 2497 ,
2017 2499 2027 2505 ·

361 2520 691 2575 Infabricata
720 2561 736 2587 ,
787 2537 947 2593 atque
993 2519 1262 2592 informi,
1309 2523 1445 2576 strue
1491 2516 1777 2589 congerit.
1829 2511 1977 2585 Ergo

359 2594 597 2670 Templa
636 2598 932 2655 latrociniis
987 2615 1195 2658 temere
1242 2594 1544 2657 constru&a
1596 2592 1841 2652 nefandis

1311 2678 1358 2734 B
1405 2699 1435 2733 2
2097 2663 2145 2720 F
2149 2684 2268 2722 ron-

235 2881 257 2914 ἰ
314 2864 453 2920 Steph-
491 2862 725 2908 Paschasius
765 2868 807 2905 ἐκ
835 2871 982 2912 Senatu
1027 2868 1221 2919 Parifienfi
1384 2867 1561 2922 spatium
1591 2867 1692 2904 inter
1730 2860 1981 2903 conterminos
2023 2871 2135 2910 agros·
2175 2857 2335 2910 prescri-

291 2937 382 2964 vere
413 2924 517 2962 dixit
536 2952 547 2970 ‚
577 2924 740 2974 lesuitas
782 2925 962 2975 gratuita
996 2938 1217 2975 puerorum
1385 2923 1484 2977 psit.
1521 2918 1843 2963 AdnAlciatum,
1873 2919 2052 2956 Peritum
2071 2943 2083 2962 ,
2110 2917 2337 2960 Potterum‚

288 2978 556 3021 institutronis
586 2979 711 3030 specie
741 2978 934 3030 grassari,
962 2982 1004 3020 δε
1039 2981 1128 3022 inde
1160 2984 1218 3023 fa·
1393 2978 1615 3022 Meurfium
1646 3005 1658 3023 ‚
1686 2974 1735 3022 ᾤ’
1764 2972 1890 3025 paffim
1925 2971 2222 3020 lureconsultos.
2255 2973 2336 3007 Cm·

289 3036 426 3077 milias
464 3035 637 3086 captatis
676 3034 921 3077 testamentis
970 3037 1221 3080 exhaurire.
1391 3044 1503 3087 ponta
1528 3043 1592 3085 pro
1619 3031 1776 3084 pedrbus
1797 3059 1804 3075 ,
1825 3028 1954 3080 passus
1982 3026 2172 3077 posuerit,
2193 3025 2337 3074 ignoro.

289 3094 452 3132 Tuanus
488 3091 570 3130 Lib.
597 3093 786 3131 XXXII.
1398 3095 1518 3130 Vnum
1560 3092 1672 3129 video
1697 3118 1710 3137 ,
1751 3093 1902 3126 Portam
1936 3079 2149 3132 significare
2186 3078 2342 3129 voluiffe

251 3159 278 3188 2
335 3149 437 3184 Villa
465 3148 653 3199 quaedam
682 3146 908 3194 indicatur,
937 3161 1054 3198 quam
1080 3150 1230 3188 Floren-
1400 3147 1555 3187 null-em
1584 3145 1629 3183 ab
1664 3147 1717 3197 iis}
1749 3144 1874 3186 alieni
1901 3139 1978 3191 seli
2011 3139 2199 3177 rationem
2237 3134 2348 3176 habi-

279 3202 379 3244 ,11'n1‘
412 3212 562 3241 vocant
595 3201 627 3240 le
656 3203 850 3242 Casctne.
1403 3209 1487 3243 tam
1505 3201 1649 3255 fuiffe,

262 3270 283 3310 3
327 3257 439 3298 Solon
483 3258 716 3310 athenia-asts
732 3269 896 3299 vacuum
918 3257 1080 3310 quinque
1102 3257 1242 3310 pedum
1320 3296 1333 3300 ,
