2654 4085
479 374 727 434 AEterni
773 377 979 432 dudum
1027 377 1291 451 produc‘l‘a
1337 378 1662 453 pathemata
1712 380 1971 450 Christij

479 456 558 512 Et
610 456 791 513 cribris
844 474 1054 526 agitata
1099 461 1284 530 vagis,
1340 458 1610 531 Nunquid
1655 455 1840 512 Chaos
1873 501 1889 526 ,
1934 470 2102 534 atque

479 537 742 594 Materies
788 555 971 590 rerum
1027 538 1093 593 sle
1142 538 1396 610 indigesta
1447 539 1650 594 fluebat
1683 580 1698 604 ‚

477 621 663 693 Quum
716 620 871 672 litem
922 621 1200 690 antiquam
1258 621 1450 674 melior
1505 637 1700 675 natura
1749 615 2024 670 diremit?

476 697 637 752 Num
689 695 755 750 {ic
806 698 1016 755 bullatis
1072 699 1323 753 Iuveneti
1372 699 1564 770 pagina
1613 697 1766 767 nugis
1971 761 1975 764 γ

478 772 803 845 Turgescit?
862 779 1068 833 Verum
1120 798 1183 832 ne
1223 778 1448 832 Themis
1495 777 1762 833 Parnassia
1815 775 1994 832 laurus

478 851 629 906 Huic
674 854 881 908 dederit
919 857 939 907 ?
994 858 1276 932 Qiaerant
1324 858 1453 911 alii.
1510 857 1776 929 Namque
1815 857 1999 910 ordine
2056 850 2207 906 nullo

474 930 769 987 Errantem
801 976 815 999 ‚
859 935 918 989 ὃς
969 938 1132 1006 vulgo
1188 935 1503 990 miscentem
1551 935 1692 992 sacra
1744 934 1980 1009 profanis
2013 976 2029 1001 ‚

2295 325 2366 374 29

476 1009 609 1064 Non
644 1012 856 1087 sequor.
917 1010 1087 1069 Haud
1120 1012 1356 1067 Theseus
1393 1035 1489 1087 ego
1521 1017 1665 1084 sum,
1701 1035 1794 1070 nec
1831 1013 1991 1067 filum
2021 1009 2288 1067 Ariadne&

474 1089 635 1146 Duco
667 1138 681 1162 ‚
733 1105 826 1148 nec
880 1094 1126 1166 implexo
1180 1095 1474 1148 committo
1529 1114 1617 1148 me
1661 1091 1999 1160 Labyrintho
2030 1134 2042 1144 .

475 1170 659 1244 Quam
689 1176 851 1230 satius
888 1176 1090 1240 ridere,
1124 1176 1277 1246 cupit
1311 1176 1448 1229 dum
1491 1188 1546 1228 te
1578 1173 1851 1229 absolvere
1887 1170 2164 1238 Pyrrhus,

475 1247 638 1306 Neve
669 1254 866 1324 liquere
900 1256 1007 1321 ait,
1042 1255 1101 1309 ὅ(
1136 1257 1365 1328 pendens
1398 1255 1561 1306 animi
1594 1251 1864 1325 ampliat?
1902 1248 2113 1303 Auctor

473 1324 694 1395 Ignotus
728 1328 1062 1398 Satirarum,
1095 1333 1375 1386 exclamat
1406 1371 1416 1380 .
1455 1326 1587 1384 Non
1627 1350 1726 1402 ego
1767 1328 1965 1391 miror3

473 1406 671 1480 Quum
707 1409 849 1462 idem
883 1410 1093 1463 dubitet
1127 1412 1245 1480 quis
1279 1409 1341 1461 fit
1375 1411 1585 1478 genitor
1620 1410 1730 1462 suus
1758 1451 1773 1475 ‚
1808 1424 1970 1476 atque

476 1484 699 1540 Frustra
734 1487 1042 1558 interpellet
1082 1502 1319 1541 matrem
1341 1526 1356 1550 ,
1390 1500 1530 1551 quae
1564 1484 1716 1553 saepe
1753 1495 2022 1535 trecentos

475 1565 679 1617 0⁹.)fert
717 1564 864 1635 larga
901 1582 1114 1637 patreS‚
1150 1581 1318 1636 atque
1350 1562 1563 1634 inquit,
1595 1561 1822 1633 Delige.
1866 1557 2040 1611 Mirer

476 1640 601 1707 Ipse
638 1643 807 1709 magis
836 1647 1135 1712 quosdam,
1170 1643 1298 1692 naso
1329 1653 1561 1706 quorum
1597 1639 1783 1689 insidet
1816 1637 1958 1688 orbis

475 1716 703 1771 Vitreus
725 1760 739 1784 ‚
777 1717 836 1771 ὃς
872 1718 1096 1791 geminis
1128 1715 1263 1770 visus
1298 1713 1650 1786 specularibus
1683 1727 1884 1784 auget,

477 1798 773 1852 Caecutire
810 1812 993 1851 tamen
1016 1841 1030 1865 ‚
1063 1799 1122 1854 &
1156 1797 1385 1851 vicinam
1426 1812 1640 1848 cernere
1679 1790 1908 1845 Turrim

479 1876 612 1930 Non
648 1872 816 1947 posse«
857 1873 939 1929 At
976 1876 1076 1932 sese
1106 1879 1312 1933 dudum
1354 1875 1594 1947 spectare
1629 1870 1875 1926 ferebant

480 1956 541 2009 In
577 1956 743 2023 scirpo
775 1954 972 2008 nodum
993 1998 1006 2021 ,
1042 1955 1100 2011 ὃς
1135 1954 1402 2011 sacratum
1437 1961 1488 2006 in
1520 1950 1669 2006 fonte
1700 1950 1968 2019 liquorem

481 2038 642 2109 Qiae
673 2034 962 2101 janseniaci
998 2032 1239 2100 faedaret
1278 2032 1414 2087 stilla
1449 2031 1663 2086 veneni,

479 2114 759 2191 Quorsum
797 2116 930 2169 adeo
964 2113 1203 2184 perversa
1237 2111 1414 2168 acies?
1446 2110 1651 2166 Suntne
1687 2109 1783 2163 ista
1814 2103 2073 2161 ferenda?

479 2197 605 2249 Aut
639 2194 807 2265 magis
842 2194 1093 2263 impactis
1139 2195 1294 2247 decet
1329 2191 1430 2245 illis
1474 2191 1694 2262 depsere
1729 2188 1912 2261 pugnis

482 2271 809 2329 Perfrietam
841 2270 1112 2340 frontem,
1148 2270 1208 2324 ὃς
1245 2271 1517 2325 reverendi
1554 2268 1771 2340 insignia
1806 2265 1950 2321 nasi?

637 2353 782 2426 Ergo
833 2348 995 2424 saph,
1045 2351 1105 2404 &
1151 2350 1374 2405 meliora
1410 2351 1592 2405 volens
1640 2347 1702 2400 'te
1746 2345 2123 2400 bardocucullo

475 2432 704 2487 Involve
726 2476 740 2497 ,
774 2431 866 2498 ὃς,
900 2446 1236 2502 quamquam
1270 2428 1576 2499 responsum
1608 2425 1885 2497 displicet,
1919 2425 2075 2478 audi:

476 2511 654 2566 Arma
692 2510 808 2566 fero
842 2512 1075 2576 accitus,
1111 2529 1205 2562 nec
1235 2529 1322 2562 me
1358 2509 1508 2563 labor
1543 2505 1821 2576 improbus
1862 2517 2040 2556 arcet:

478 2590 636 2644 Bella
673 2594 919 2663 placent,
953 2590 1207 2661 nullaque
1250 2588 1403 2641 fimul
1436 2586 1727 2642 formidine
1764 2597 1946 2636 tactus

483 2667 789 2739 Adgredior
829 2688 1099 2741 pugnam;
1130 2667 1190 2721 ὃς
1226 2687 1388 2723 cavea
1421 2679 1709 2719 revocatus
1749 2662 1816 2717 ab
1847 2659 1956 2714 uda
1984 2700 2002 2729 ,

483 2747 565 2801 Vt
601 2746 952 2804 Cincinnatus
982 2748 1260 2819 quondam
1299 2761 1583 2818 revocatus
1616 2759 1799 2797 aratro
1918 2747 1923 2752 '

481 2825 685 2882 Hostili
726 2825 986 2881 Ausonios
1020 2825 1258 2881 fiiedavit
1293 2822 1547 2895 sanguine
1583 2820 1711 2878 fines
1743 2864 1756 2889 ‚

482 2905 729 2959 Excutio
763 2902 1012 2956 somnum
1032 2946 1047 2970 ,
1073 2906 1303 2959 obcurro
1322 2945 1335 2969 ‚
1367 2903 1520 2956 vibro
1558 2902 1664 2956 tela
1691 2928 1717 2969 ‚¹
1736 2898 2006 2968 repugnoj

483 2985 670 3039 Caesio
699 2979 1029 3036 lacessentes,
1081 2981 1210 3036 Non
1256 3000 1342 3034 me
1380 2978 1624 3051 quaffare
1667 2977 1925 3030 fritillum

445 3094 451 3099 ·
483 3060 817 3133 Expositum
848 3057 1056 3129 semper
1088 3078 1262 3113 cernes
1292 3101 1306 3124 ‚
1342 3058 1599 3128 aleaeque
1636 3070 1923 3112 vacantem
1952 3100 1963 3109 ..

482 3141 595 3196 Vos
628 3156 776 3192 meus
808 3138 1021 3208 urgebit
1053 3137 1291 3192 calamus
1312 3180 1327 3204 ‚
1362 3158 1452 3191 vos
1492 3136 1714 3190 dedecus
1753 3135 1905 3201 aevi,

486 3220 600 3274 Vos
629 3217 912 3272 hominum
956 3213 1164 3281 labem3
1193 3216 1358 3270 donec
1389 3234 1548 3270 cruor
1582 3215 1813 3285 undique
1845 3213 1968 3267 rivis

487 3295 732 3366 Effluat,
765 3308 926 3367 atque
958 3310 1132 3346 recens
1166 3290 1366 3365 figatur
1398 3293 1611 3348 vulnere
1648 3291 1869 3349 vulnuS.

2262 3360 2386 3419 Nec
