<?xml version="1.0" encoding="UTF-8"?>
<!DOCTYPE html PUBLIC "-//W3C//DTD XHTML 1.0 Transitional//EN"
    "http://www.w3.org/TR/xhtml1/DTD/xhtml1-transitional.dtd">
<html xmlns="http://www.w3.org/1999/xhtml" xml:lang="en" lang="en">
 <head>
  <title>
</title>
<meta http-equiv="Content-Type" content="text/html;charset=utf-8" />
  <meta name='ocr-system' content='tesseract 3.04.00' />
  <meta name='ocr-capabilities' content='ocr_page ocr_carea ocr_par ocr_line ocrx_word'/>
</head>
<body>
  <div class='ocr_page' id='page_1' title='image "./lsectaniqfilpseu00corduoft_0047.png"; bbox 0 0 2654 4085; ppageno 0'>
   <div class='ocr_carea' id='block_1_1' title="bbox 924 370 2322 472">
    <p class='ocr_par' dir='ltr' id='par_1_1' title="bbox 924 370 2322 472">
     <span class='ocr_line' id='line_1_1' title="bbox 924 370 2322 472; baseline 0 -20"><span class='ocrx_word' id='word_1_1' title='bbox 924 370 1774 472; x_wconf 65' lang='lat' dir='ltr'>QUINTUS.¹</span> <span class='ocrx_word' id='word_1_2' title='bbox 2227 394 2322 467; x_wconf 69' lang='grc' dir='ltr'>ις</span> 
     </span>
    </p>
   </div>
   <div class='ocr_carea' id='block_1_2' title="bbox 376 520 2425 1302">
    <p class='ocr_par' dir='ltr' id='par_1_2' title="bbox 376 520 2425 1302">
     <span class='ocr_line' id='line_1_2' title="bbox 385 520 2424 593; baseline 0.001 -16"><span class='ocrx_word' id='word_1_3' title='bbox 385 530 654 593; x_wconf 74' lang='lat' dir='ltr'>potuerunt</span> <span class='ocrx_word' id='word_1_4' title='bbox 675 549 694 580; x_wconf 70' lang='lat'><em>2</em></span> <span class='ocrx_word' id='word_1_5' title='bbox 717 520 802 587; x_wconf 84' lang='lat' dir='ltr'>qui</span> <span class='ocrx_word' id='word_1_6' title='bbox 833 525 980 575; x_wconf 89' lang='lat' dir='ltr'>modo</span> <span class='ocrx_word' id='word_1_7' title='bbox 1008 527 1194 590; x_wconf 86' lang='lat' dir='ltr'>aliquid</span> <span class='ocrx_word' id='word_1_8' title='bbox 1236 525 1524 590; x_wconf 86' lang='lat' dir='ltr'>intelligunt</span> <span class='ocrx_word' id='word_1_9' title='bbox 1546 556 1560 573; x_wconf 89' lang='lat'><strong>.</strong></span> <span class='ocrx_word' id='word_1_10' title='bbox 1588 524 1711 582; x_wconf 87' lang='lat' dir='ltr'>Sed,</span> <span class='ocrx_word' id='word_1_11' title='bbox 1759 537 1844 572; x_wconf 90' lang='lat' dir='ltr'>cur</span> <span class='ocrx_word' id='word_1_12' title='bbox 1867 524 2009 574; x_wconf 83' lang='lat' dir='ltr'>aliter</span> <span class='ocrx_word' id='word_1_13' title='bbox 2058 529 2302 579; x_wconf 84' lang='lat' dir='ltr'>nonnullis</span> <span class='ocrx_word' id='word_1_14' title='bbox 2349 531 2424 580; x_wconf 82' lang='lat' dir='ltr'>vi-</span> 
     </span>
     <span class='ocr_line' id='line_1_3' title="bbox 387 586 2422 655; baseline 0 -12"><span class='ocrx_word' id='word_1_15' title='bbox 387 592 489 643; x_wconf 79' lang='lat' dir='ltr'>sum</span> <span class='ocrx_word' id='word_1_16' title='bbox 517 590 600 645; x_wconf 79' lang='lat' dir='ltr'>sit,</span> <span class='ocrx_word' id='word_1_17' title='bbox 628 586 753 636; x_wconf 87' lang='lat' dir='ltr'>infra</span> <span class='ocrx_word' id='word_1_18' title='bbox 780 605 837 638; x_wconf 90' lang='lat' dir='ltr'>ex</span> <span class='ocrx_word' id='word_1_19' title='bbox 866 591 972 655; x_wconf 86' lang='lat' dir='ltr'>ipso</span> <span class='ocrx_word' id='word_1_20' title='bbox 1003 592 1156 641; x_wconf 88' lang='lat' dir='ltr'>Lucio</span> <span class='ocrx_word' id='word_1_21' title='bbox 1188 591 1466 640; x_wconf 85' lang='lat' dir='ltr'>audiemus.</span> <span class='ocrx_word' id='word_1_22' title='bbox 1512 590 1661 654; x_wconf 75' lang='lat' dir='ltr'>Quod</span> <span class='ocrx_word' id='word_1_23' title='bbox 1705 600 1869 639; x_wconf 87' lang='lat' dir='ltr'>autem</span> <span class='ocrx_word' id='word_1_24' title='bbox 1918 589 2125 638; x_wconf 69' lang='lat' dir='ltr'>Litteras</span> <span class='ocrx_word' id='word_1_25' title='bbox 2170 595 2317 643; x_wconf 80' lang='lat' dir='ltr'>modo</span> <span class='ocrx_word' id='word_1_26' title='bbox 2362 609 2422 647; x_wconf 84' lang='lat' dir='ltr'>ac</span> 
     </span>
     <span class='ocr_line' id='line_1_4' title="bbox 385 653 2422 722; baseline 0.002 -17"><span class='ocrx_word' id='word_1_27' title='bbox 385 658 655 709; x_wconf 77' lang='lat' dir='ltr'>Litteratos</span> <span class='ocrx_word' id='word_1_28' title='bbox 686 653 928 714; x_wconf 86' lang='lat' dir='ltr'>laudarit,</span> <span class='ocrx_word' id='word_1_29' title='bbox 962 671 1050 705; x_wconf 89' lang='lat' dir='ltr'>nec</span> <span class='ocrx_word' id='word_1_30' title='bbox 1077 667 1267 720; x_wconf 88' lang='lat' dir='ltr'>quanto</span> <span class='ocrx_word' id='word_1_31' title='bbox 1293 671 1441 719; x_wconf 91' lang='lat' dir='ltr'>opere</span> <span class='ocrx_word' id='word_1_32' title='bbox 1474 657 1642 705; x_wconf 89' lang='lat' dir='ltr'>iisdem</span> <span class='ocrx_word' id='word_1_33' title='bbox 1670 655 1868 704; x_wconf 84' lang='lat' dir='ltr'>Litteris</span> <span class='ocrx_word' id='word_1_34' title='bbox 1904 653 2003 715; x_wconf 86' lang='lat' dir='ltr'>ipse</span> <span class='ocrx_word' id='word_1_35' title='bbox 2033 653 2243 714; x_wconf 86' lang='lat' dir='ltr'>studeat,</span> <span class='ocrx_word' id='word_1_36' title='bbox 2268 674 2422 722; x_wconf 86' lang='lat' dir='ltr'>quan-</span> 
     </span>
     <span class='ocr_line' id='line_1_5' title="bbox 383 715 2422 783; baseline -0.003 -13"><span class='ocrx_word' id='word_1_37' title='bbox 383 732 538 783; x_wconf 85' lang='lat' dir='ltr'>toque</span> <span class='ocrx_word' id='word_1_38' title='bbox 561 715 662 776; x_wconf 74' lang='lat' dir='ltr'>iure</span> <span class='ocrx_word' id='word_1_39' title='bbox 690 717 828 781; x_wconf 84' lang='lat' dir='ltr'>poffit</span> <span class='ocrx_word' id='word_1_40' title='bbox 864 720 1057 771; x_wconf 85' lang='lat' dir='ltr'>summis</span> <span class='ocrx_word' id='word_1_41' title='bbox 1078 723 1257 770; x_wconf 88' lang='lat' dir='ltr'>aetatis</span> <span class='ocrx_word' id='word_1_42' title='bbox 1282 721 1467 770; x_wconf 88' lang='lat' dir='ltr'>nostrae</span> <span class='ocrx_word' id='word_1_43' title='bbox 1501 720 1793 772; x_wconf 68' lang='lat' dir='ltr'>Dofloribus</span> <span class='ocrx_word' id='word_1_44' title='bbox 1813 715 2058 767; x_wconf 87' lang='lat' dir='ltr'>adcenseri</span> <span class='ocrx_word' id='word_1_45' title='bbox 2077 748 2093 775; x_wconf 93' lang='lat'>,</span> <span class='ocrx_word' id='word_1_46' title='bbox 2127 734 2422 772; x_wconf 79' lang='lat' dir='ltr'>commemo..</span> 
     </span>
     <span class='ocr_line' id='line_1_6' title="bbox 383 783 2422 850; baseline 0 -16"><span class='ocrx_word' id='word_1_47' title='bbox 383 785 538 834; x_wconf 65' lang='lat' dir='ltr'>sarit:</span> <span class='ocrx_word' id='word_1_48' title='bbox 571 784 617 831; x_wconf 88' lang='lat' dir='ltr'>id</span> <span class='ocrx_word' id='word_1_49' title='bbox 648 783 859 834; x_wconf 82' lang='lat' dir='ltr'>hominis</span> <span class='ocrx_word' id='word_1_50' title='bbox 893 787 955 835; x_wconf 88' lang='lat' dir='ltr'>est</span> <span class='ocrx_word' id='word_1_51' title='bbox 990 787 1215 850; x_wconf 72' lang='lat' dir='ltr'>singulari</span> <span class='ocrx_word' id='word_1_52' title='bbox 1257 787 1514 837; x_wconf 87' lang='lat' dir='ltr'>modestiae</span> <span class='ocrx_word' id='word_1_53' title='bbox 1565 783 1906 834; x_wconf 83' lang='lat' dir='ltr'>tribuendum.</span> <span class='ocrx_word' id='word_1_54' title='bbox 1962 783 2193 832; x_wconf 87' lang='lat' dir='ltr'>Ceterum</span> <span class='ocrx_word' id='word_1_55' title='bbox 2230 787 2299 833; x_wconf 89' lang='lat' dir='ltr'>ita</span> <span class='ocrx_word' id='word_1_56' title='bbox 2338 787 2422 836; x_wconf 84' lang='lat' dir='ltr'>ille</span> 
     </span>
     <span class='ocr_line' id='line_1_7' title="bbox 381 845 2422 915; baseline 0.001 -17"><span class='ocrx_word' id='word_1_57' title='bbox 381 845 597 899; x_wconf 81' lang='lat' dir='ltr'>fucatam</span> <span class='ocrx_word' id='word_1_58' title='bbox 637 850 686 897; x_wconf 89' lang='lat' dir='ltr'>in</span> <span class='ocrx_word' id='word_1_59' title='bbox 721 849 813 898; x_wconf 81' lang='lat' dir='ltr'>suis</span> <span class='ocrx_word' id='word_1_60' title='bbox 843 850 1139 901; x_wconf 86' lang='lat' dir='ltr'>sermonibus</span> <span class='ocrx_word' id='word_1_61' title='bbox 1171 852 1519 901; x_wconf 88' lang='lat' dir='ltr'>Litteraturam</span> <span class='ocrx_word' id='word_1_62' title='bbox 1549 850 1856 915; x_wconf 84' lang='lat' dir='ltr'>exagitavit,</span> <span class='ocrx_word' id='word_1_63' title='bbox 1900 858 1955 898; x_wconf 93' lang='lat' dir='ltr'>ut</span> <span class='ocrx_word' id='word_1_64' title='bbox 2006 848 2133 895; x_wconf 83' lang='lat' dir='ltr'>veris</span> <span class='ocrx_word' id='word_1_65' title='bbox 2170 850 2422 901; x_wconf 76' lang='lat' dir='ltr'>Litteratis</span> 
     </span>
     <span class='ocr_line' id='line_1_8' title="bbox 381 910 2422 979; baseline 0.001 -18"><span class='ocrx_word' id='word_1_66' title='bbox 381 910 476 961; x_wconf 77' lang='lat' dir='ltr'>effe</span> <span class='ocrx_word' id='word_1_67' title='bbox 507 911 604 974; x_wconf 87' lang='lat' dir='ltr'>ipse</span> <span class='ocrx_word' id='word_1_68' title='bbox 633 913 1022 965; x_wconf 78' lang='lat' dir='ltr'>Litteratissimus</span> <span class='ocrx_word' id='word_1_69' title='bbox 1050 915 1325 965; x_wconf 87' lang='lat' dir='ltr'>videretur:</span> <span class='ocrx_word' id='word_1_70' title='bbox 1359 932 1415 966; x_wconf 91' lang='lat' dir='ltr'>ea</span> <span class='ocrx_word' id='word_1_71' title='bbox 1447 929 1611 966; x_wconf 86' lang='lat' dir='ltr'>autem</span> <span class='ocrx_word' id='word_1_72' title='bbox 1644 915 1833 979; x_wconf 82' lang='lat' dir='ltr'>phyfica</span> <span class='ocrx_word' id='word_1_73' title='bbox 1860 929 1917 963; x_wconf 87' lang='lat' dir='ltr'>ac</span> <span class='ocrx_word' id='word_1_74' title='bbox 1943 911 2291 962; x_wconf 84' lang='lat' dir='ltr'>mathematica</span> <span class='ocrx_word' id='word_1_75' title='bbox 2336 915 2422 963; x_wconf 87' lang='lat' dir='ltr'>ha-</span> 
     </span>
     <span class='ocr_line' id='line_1_9' title="bbox 378 974 2422 1045; baseline 0 -19"><span class='ocrx_word' id='word_1_76' title='bbox 378 974 470 1026; x_wconf 79' lang='lat' dir='ltr'>bet</span> <span class='ocrx_word' id='word_1_77' title='bbox 503 977 551 1023; x_wconf 89' lang='lat' dir='ltr'>in</span> <span class='ocrx_word' id='word_1_78' title='bbox 591 979 810 1028; x_wconf 86' lang='lat' dir='ltr'>manibus</span> <span class='ocrx_word' id='word_1_79' title='bbox 830 1009 847 1037; x_wconf 84' lang='lat'><strong>,</strong></span> <span class='ocrx_word' id='word_1_80' title='bbox 873 993 958 1039; x_wconf 84' lang='lat' dir='ltr'>ut,</span> <span class='ocrx_word' id='word_1_81' title='bbox 986 994 1133 1045; x_wconf 86' lang='lat' dir='ltr'>quum</span> <span class='ocrx_word' id='word_1_82' title='bbox 1179 982 1390 1042; x_wconf 89' lang='lat' dir='ltr'>primum</span> <span class='ocrx_word' id='word_1_83' title='bbox 1419 983 1575 1032; x_wconf 88' lang='lat' dir='ltr'>lucem</span> <span class='ocrx_word' id='word_1_84' title='bbox 1614 981 1956 1042; x_wconf 77' lang='lat' dir='ltr'>adspexerInt‚</span> <span class='ocrx_word' id='word_1_85' title='bbox 1990 991 2119 1025; x_wconf 86' lang='lat' dir='ltr'>nova</span> <span class='ocrx_word' id='word_1_86' title='bbox 2147 976 2202 1025; x_wconf 75' lang='lat' dir='ltr'>lit</span> <span class='ocrx_word' id='word_1_87' title='bbox 2235 979 2314 1027; x_wconf 88' lang='lat' dir='ltr'>lux</span> <span class='ocrx_word' id='word_1_88' title='bbox 2344 980 2422 1027; x_wconf 82' lang='lat' dir='ltr'>iis-</span> 
     </span>
     <span class='ocr_line' id='line_1_10' title="bbox 381 1038 2425 1106; baseline 0.001 -17"><span class='ocrx_word' id='word_1_89' title='bbox 381 1038 493 1089; x_wconf 83' lang='lat' dir='ltr'>dem</span> <span class='ocrx_word' id='word_1_90' title='bbox 508 1042 773 1106; x_wconf 83' lang='lat' dir='ltr'>disciplinis</span> <span class='ocrx_word' id='word_1_91' title='bbox 797 1045 1051 1096; x_wconf 82' lang='lat' dir='ltr'>oboritura</span> <span class='ocrx_word' id='word_1_92' title='bbox 1076 1076 1092 1093; x_wconf 85' lang='grc'><strong>.</strong></span> <span class='ocrx_word' id='word_1_93' title='bbox 1120 1044 1332 1094; x_wconf 86' lang='lat' dir='ltr'>Vere-ne</span> <span class='ocrx_word' id='word_1_94' title='bbox 1358 1061 1419 1095; x_wconf 86' lang='lat' dir='ltr'>an</span> <span class='ocrx_word' id='word_1_95' title='bbox 1440 1047 1567 1094; x_wconf 84' lang='lat' dir='ltr'>secus</span> <span class='ocrx_word' id='word_1_96' title='bbox 1597 1046 1717 1092; x_wconf 85' lang='lat' dir='ltr'>haec</span> <span class='ocrx_word' id='word_1_97' title='bbox 1741 1044 1974 1106; x_wconf 87' lang='lat' dir='ltr'>pollicear</span> <span class='ocrx_word' id='word_1_98' title='bbox 2001 1053 2152 1105; x_wconf 88' lang='lat' dir='ltr'>atque</span> <span class='ocrx_word' id='word_1_99' title='bbox 2176 1043 2425 1105; x_wconf 74' lang='lat' dir='ltr'>recipiam.</span> 
     </span>
     <span class='ocr_line' id='line_1_11' title="bbox 385 1104 2423 1174; baseline 0.001 -20"><span class='ocrx_word' id='word_1_100' title='bbox 385 1104 523 1154; x_wconf 83' lang='lat' dir='ltr'>brevi</span> <span class='ocrx_word' id='word_1_101' title='bbox 556 1106 802 1156; x_wconf 87' lang='lat' dir='ltr'>litteratus</span> <span class='ocrx_word' id='word_1_102' title='bbox 826 1111 973 1159; x_wconf 87' lang='lat' dir='ltr'>Orbis</span> <span class='ocrx_word' id='word_1_103' title='bbox 1008 1109 1279 1169; x_wconf 80' lang='lat' dir='ltr'>iudicabit.</span> <span class='ocrx_word' id='word_1_104' title='bbox 1303 1111 1393 1159; x_wconf 89' lang='lat' dir='ltr'>Sed</span> <span class='ocrx_word' id='word_1_105' title='bbox 1434 1111 1542 1159; x_wconf 83' lang='lat' dir='ltr'>sunt</span> <span class='ocrx_word' id='word_1_106' title='bbox 1566 1108 1719 1174; x_wconf 85' lang='lat' dir='ltr'>aliqui</span> <span class='ocrx_word' id='word_1_107' title='bbox 1761 1110 1829 1156; x_wconf 90' lang='lat' dir='ltr'>ita</span> <span class='ocrx_word' id='word_1_108' title='bbox 1857 1106 2080 1171; x_wconf 86' lang='lat' dir='ltr'>perverse</span> <span class='ocrx_word' id='word_1_109' title='bbox 2123 1106 2185 1155; x_wconf 91' lang='lat' dir='ltr'>de</span> <span class='ocrx_word' id='word_1_110' title='bbox 2227 1110 2423 1169; x_wconf 78' lang='lat' dir='ltr'>poetica</span> 
     </span>
     <span class='ocr_line' id='line_1_12' title="bbox 383 1169 2424 1234; baseline 0.001 -16"><span class='ocrx_word' id='word_1_111' title='bbox 383 1181 494 1218; x_wconf 83' lang='lat' dir='ltr'>arte</span> <span class='ocrx_word' id='word_1_112' title='bbox 522 1169 582 1218; x_wconf 92' lang='lat' dir='ltr'>de</span> <span class='ocrx_word' id='word_1_113' title='bbox 624 1170 864 1234; x_wconf 84' lang='lat' dir='ltr'>Mufisque</span> <span class='ocrx_word' id='word_1_114' title='bbox 891 1174 1186 1232; x_wconf 83' lang='lat' dir='ltr'>sentientes,</span> <span class='ocrx_word' id='word_1_115' title='bbox 1221 1188 1276 1225; x_wconf 91' lang='lat' dir='ltr'>ut</span> <span class='ocrx_word' id='word_1_116' title='bbox 1309 1177 1505 1225; x_wconf 77' lang='lat' dir='ltr'>Poetam</span> <span class='ocrx_word' id='word_1_117' title='bbox 1535 1188 1633 1222; x_wconf 90' lang='lat' dir='ltr'>non</span> <span class='ocrx_word' id='word_1_118' title='bbox 1676 1172 1757 1222; x_wconf 86' lang='lat' dir='ltr'>nifi</span> <span class='ocrx_word' id='word_1_119' title='bbox 1807 1172 2060 1221; x_wconf 80' lang='lat' dir='ltr'>verficulos</span> <span class='ocrx_word' id='word_1_120' title='bbox 2100 1170 2258 1219; x_wconf 84' lang='lat' dir='ltr'>facere</span> <span class='ocrx_word' id='word_1_121' title='bbox 2296 1175 2424 1233; x_wconf 79' lang='lat' dir='ltr'>posse</span> 
     </span>
     <span class='ocr_line' id='line_1_13' title="bbox 376 1233 2421 1302; baseline 0.002 -22"><span class='ocrx_word' id='word_1_122' title='bbox 376 1244 588 1294; x_wconf 71' lang='lat' dir='ltr'>putent:</span> <span class='ocrx_word' id='word_1_123' title='bbox 617 1249 764 1297; x_wconf 88' lang='lat' dir='ltr'>quum</span> <span class='ocrx_word' id='word_1_124' title='bbox 798 1249 969 1287; x_wconf 88' lang='lat' dir='ltr'>contra</span> <span class='ocrx_word' id='word_1_125' title='bbox 995 1239 1144 1286; x_wconf 75' lang='lat' dir='ltr'>Poeta</span> <span class='ocrx_word' id='word_1_126' title='bbox 1165 1253 1307 1289; x_wconf 88' lang='lat' dir='ltr'>nemo</span> <span class='ocrx_word' id='word_1_127' title='bbox 1334 1241 1424 1287; x_wconf 76' lang='lat' dir='ltr'>effe</span> <span class='ocrx_word' id='word_1_128' title='bbox 1448 1239 1589 1302; x_wconf 73' lang='lat' dir='ltr'>possit</span> <span class='ocrx_word' id='word_1_129' title='bbox 1607 1267 1624 1294; x_wconf 87' lang='lat'>‚</span> <span class='ocrx_word' id='word_1_130' title='bbox 1641 1241 1724 1302; x_wconf 88' lang='lat' dir='ltr'>qui</span> <span class='ocrx_word' id='word_1_131' title='bbox 1751 1253 1848 1285; x_wconf 91' lang='lat' dir='ltr'>non</span> <span class='ocrx_word' id='word_1_132' title='bbox 1869 1237 1950 1285; x_wconf 85' lang='lat' dir='ltr'>nifi</span> <span class='ocrx_word' id='word_1_133' title='bbox 1970 1236 2222 1285; x_wconf 74' lang='lat' dir='ltr'>versiculos</span> <span class='ocrx_word' id='word_1_134' title='bbox 2239 1233 2421 1285; x_wconf 82' lang='lat' dir='ltr'>faciat.</span> 
     </span>
    </p>
   </div>
   <div class='ocr_carea' id='block_1_3' title="bbox 380 1294 2423 1422">
    <p class='ocr_par' dir='ltr' id='par_1_3' title="bbox 380 1294 2423 1422">
     <span class='ocr_line' id='line_1_14' title="bbox 453 1294 2423 1368; baseline 0.005 -26"><span class='ocrx_word' id='word_1_135' title='bbox 453 1294 522 1348; x_wconf 67' lang='lat' dir='ltr'>V.</span> <span class='ocrx_word' id='word_1_136' title='bbox 556 1313 638 1362; x_wconf 86' lang='lat'>97.</span> <span class='ocrx_word' id='word_1_137' title='bbox 673 1300 748 1362; x_wconf 90' lang='lat' dir='ltr'>(o)</span> <span class='ocrx_word' id='word_1_138' title='bbox 777 1300 958 1362; x_wconf 77' lang='lat' dir='ltr'>Majore</span> <span class='ocrx_word' id='word_1_139' title='bbox 982 1301 1154 1350; x_wconf 81' lang='lat' dir='ltr'>nomine</span> <span class='ocrx_word' id='word_1_140' title='bbox 1173 1303 1333 1368; x_wconf 76' lang='lat' dir='ltr'>galli.</span> <span class='ocrx_word' id='word_1_141' title='bbox 1354 1306 1482 1353; x_wconf 80' lang='lat' dir='ltr'>Aves</span> <span class='ocrx_word' id='word_1_142' title='bbox 1509 1302 1783 1352; x_wconf 82' lang='lat' dir='ltr'>cohortales</span> <span class='ocrx_word' id='word_1_143' title='bbox 1811 1299 2074 1364; x_wconf 71' lang='lat' dir='ltr'>significare</span> <span class='ocrx_word' id='word_1_144' title='bbox 2098 1300 2287 1363; x_wconf 80' lang='lat' dir='ltr'>voluit,</span> <span class='ocrx_word' id='word_1_145' title='bbox 2304 1315 2423 1365; x_wconf 74' lang='lat' dir='ltr'>quas·</span> 
     </span>
     <span class='ocr_line' id='line_1_15' title="bbox 380 1358 1093 1422; baseline 0.004 -15"><span class='ocrx_word' id='word_1_146' title='bbox 380 1358 498 1407; x_wconf 84' lang='lat' dir='ltr'>Itali</span> <span class='ocrx_word' id='word_1_147' title='bbox 523 1362 773 1422; x_wconf 85' lang='lat' dir='ltr'>adpellant</span> <span class='ocrx_word' id='word_1_148' title='bbox 800 1366 1063 1413; x_wconf 80' lang='lat' dir='ltr'>Gallinacci</span> <span class='ocrx_word' id='word_1_149' title='bbox 1080 1396 1093 1410; x_wconf 88' lang='lat'><strong>.</strong></span> 
     </span>
    </p>
   </div>
   <div class='ocr_carea' id='block_1_4' title="bbox 339 1420 2435 3412">
    <p class='ocr_par' dir='ltr' id='par_1_4' title="bbox 339 1420 2425 1876">
     <span class='ocr_line' id='line_1_16' title="bbox 452 1420 2425 1489; baseline 0.003 -18"><span class='ocrx_word' id='word_1_150' title='bbox 452 1420 524 1475; x_wconf 68' lang='grc' dir='ltr'>Ψ·</span> <span class='ocrx_word' id='word_1_151' title='bbox 561 1437 671 1486; x_wconf 84' lang='lat'>109·</span> <span class='ocrx_word' id='word_1_152' title='bbox 705 1427 781 1484; x_wconf 76' lang='lat' dir='ltr'>[p]</span> <span class='ocrx_word' id='word_1_153' title='bbox 821 1427 1335 1487; x_wconf 76' lang='lat' dir='ltr'>Asperiorefieperce&#39;lio</span> <span class='ocrx_word' id='word_1_154' title='bbox 1365 1444 1574 1489; x_wconf 78' lang='lat' dir='ltr'>rugaque</span> <span class='ocrx_word' id='word_1_155' title='bbox 1608 1430 1803 1473; x_wconf 76' lang='lat' dir='ltr'>minaci.</span> <span class='ocrx_word' id='word_1_156' title='bbox 1845 1427 1946 1472; x_wconf 76' lang='lat' dir='ltr'>Nisi</span> <span class='ocrx_word' id='word_1_157' title='bbox 1984 1426 2181 1474; x_wconf 72' lang='lat' dir='ltr'>LucIum</span> <span class='ocrx_word' id='word_1_158' title='bbox 2224 1426 2287 1476; x_wconf 88' lang='lat' dir='ltr'>de</span> <span class='ocrx_word' id='word_1_159' title='bbox 2327 1428 2425 1477; x_wconf 80' lang='lat' dir='ltr'>Ce-</span> 
     </span>
     <span class='ocr_line' id='line_1_17' title="bbox 384 1483 2420 1551; baseline 0.003 -16"><span class='ocrx_word' id='word_1_160' title='bbox 384 1484 521 1535; x_wconf 87' lang='lat' dir='ltr'>sellio</span> <span class='ocrx_word' id='word_1_161' title='bbox 550 1483 728 1544; x_wconf 80' lang='lat' dir='ltr'>iamdiu</span> <span class='ocrx_word' id='word_1_162' title='bbox 760 1501 857 1533; x_wconf 90' lang='lat' dir='ltr'>non</span> <span class='ocrx_word' id='word_1_163' title='bbox 894 1488 1117 1551; x_wconf 87' lang='lat' dir='ltr'>cogitare</span> <span class='ocrx_word' id='word_1_164' title='bbox 1150 1488 1507 1550; x_wconf 84' lang='lat' dir='ltr'>intelligerem,</span> <span class='ocrx_word' id='word_1_165' title='bbox 1551 1489 1613 1534; x_wconf 91' lang='lat' dir='ltr'>de</span> <span class='ocrx_word' id='word_1_166' title='bbox 1648 1487 1736 1534; x_wconf 89' lang='lat' dir='ltr'>illo</span> <span class='ocrx_word' id='word_1_167' title='bbox 1783 1489 1900 1536; x_wconf 81' lang='lat' dir='ltr'>haec</span> <span class='ocrx_word' id='word_1_168' title='bbox 1948 1485 2076 1536; x_wconf 68' lang='lat' dir='ltr'>dieta</span> <span class='ocrx_word' id='word_1_169' title='bbox 2118 1490 2381 1541; x_wconf 81' lang='lat' dir='ltr'>arbitrarer</span> <span class='ocrx_word' id='word_1_170' title='bbox 2402 1521 2420 1540; x_wconf 64' lang='grc' dir='ltr'>ι</span> 
     </span>
     <span class='ocr_line' id='line_1_18' title="bbox 339 1550 1751 1615; baseline 0.002 -17"><span class='ocrx_word' id='word_1_171' title='bbox 339 1592 351 1598; x_wconf 82' lang='lat'>-</span> <span class='ocrx_word' id='word_1_172' title='bbox 386 1550 465 1600; x_wconf 84' lang='lat' dir='ltr'>An</span> <span class='ocrx_word' id='word_1_173' title='bbox 496 1564 594 1601; x_wconf 87' lang='lat' dir='ltr'>non</span> <span class='ocrx_word' id='word_1_174' title='bbox 626 1553 666 1599; x_wconf 88' lang='lat' dir='ltr'>is</span> <span class='ocrx_word' id='word_1_175' title='bbox 701 1552 849 1598; x_wconf 86' lang='lat' dir='ltr'>talem</span> <span class='ocrx_word' id='word_1_176' title='bbox 876 1550 971 1600; x_wconf 87' lang='lat' dir='ltr'>sese</span> <span class='ocrx_word' id='word_1_177' title='bbox 1002 1552 1100 1615; x_wconf 86' lang='lat' dir='ltr'>ipse</span> <span class='ocrx_word' id='word_1_178' title='bbox 1127 1553 1177 1600; x_wconf 91' lang='lat' dir='ltr'>in</span> <span class='ocrx_word' id='word_1_179' title='bbox 1208 1552 1297 1600; x_wconf 87' lang='lat' dir='ltr'>suis</span> <span class='ocrx_word' id='word_1_180' title='bbox 1329 1555 1457 1602; x_wconf 85' lang='lat' dir='ltr'>Diris</span> <span class='ocrx_word' id='word_1_181' title='bbox 1485 1551 1751 1614; x_wconf 77' lang='lat' dir='ltr'>depinxit?</span> 
     </span>
     <span class='ocr_line' id='line_1_19' title="bbox 711 1615 1650 1682; baseline 0.001 -19"><span class='ocrx_word' id='word_1_182' title='bbox 711 1615 832 1663; x_wconf 79' lang='lat' dir='ltr'>Ebbt</span> <span class='ocrx_word' id='word_1_183' title='bbox 863 1633 1060 1682; x_wconf 70' lang='lat' dir='ltr'>ragam,</span> <span class='ocrx_word' id='word_1_184' title='bbox 1074 1622 1127 1680; x_wconf 82' lang='lat' dir='ltr'>se</span> <span class='ocrx_word' id='word_1_185' title='bbox 1166 1619 1214 1664; x_wconf 84' lang='lat' dir='ltr'>la</span> <span class='ocrx_word' id='word_1_186' title='bbox 1245 1616 1432 1679; x_wconf 83' lang='lat' dir='ltr'>dipinta</span> <span class='ocrx_word' id='word_1_187' title='bbox 1470 1617 1650 1676; x_wconf 77' lang='lat' dir='ltr'>esterna</span> 
     </span>
     <span class='ocr_line' id='line_1_20' title="bbox 649 1678 1582 1747; baseline 0.001 -18"><span class='ocrx_word' id='word_1_188' title='bbox 649 1678 844 1729; x_wconf 76' lang='lat' dir='ltr'>Santita‘</span> <span class='ocrx_word' id='word_1_189' title='bbox 877 1698 930 1728; x_wconf 84' lang='lat' dir='ltr'>ne</span> <span class='ocrx_word' id='word_1_190' title='bbox 948 1681 1148 1747; x_wconf 76' lang='lat' dir='ltr'>fuggie·</span> <span class='ocrx_word' id='word_1_191' title='bbox 1175 1684 1284 1729; x_wconf 82' lang='lat' dir='ltr'>Non</span> <span class='ocrx_word' id='word_1_192' title='bbox 1302 1685 1407 1743; x_wconf 82' lang='lat' dir='ltr'>fimo</span> <span class='ocrx_word' id='word_1_193' title='bbox 1440 1683 1582 1730; x_wconf 81' lang='lat' dir='ltr'>amico</span> 
     </span>
     <span class='ocr_line' id='line_1_21' title="bbox 651 1744 1729 1808; baseline 0.001 -16"><span class='ocrx_word' id='word_1_194' title='bbox 651 1744 724 1795; x_wconf 78' lang='lat' dir='ltr'>Di</span> <span class='ocrx_word' id='word_1_195' title='bbox 755 1744 828 1792; x_wconf 72' lang='lat' dir='ltr'>chr</span> <span class='ocrx_word' id='word_1_196' title='bbox 845 1744 1041 1808; x_wconf 77' lang='lat' dir='ltr'>furtivo</span> <span class='ocrx_word' id='word_1_197' title='bbox 1070 1746 1118 1794; x_wconf 79' lang='lat' dir='ltr'>in</span> <span class='ocrx_word' id='word_1_198' title='bbox 1145 1746 1254 1793; x_wconf 85' lang='lat' dir='ltr'>mal’</span> <span class='ocrx_word' id='word_1_199' title='bbox 1276 1759 1413 1807; x_wconf 82' lang='lat' dir='ltr'>oprar</span> <span class='ocrx_word' id='word_1_200' title='bbox 1444 1747 1484 1793; x_wconf 85' lang='lat'>5&#39;</span> <span class='ocrx_word' id='word_1_201' title='bbox 1515 1746 1729 1795; x_wconf 79' lang='lat' dir='ltr'>interna.</span> 
     </span>
     <span class='ocr_line' id='line_1_22' title="bbox 717 1808 1865 1876; baseline 0.004 -22"><span class='ocrx_word' id='word_1_202' title='bbox 717 1809 758 1854; x_wconf 91' lang='lat' dir='ltr'><em>E</em></span> <span class='ocrx_word' id='word_1_203' title='bbox 797 1811 861 1859; x_wconf 78' lang='lat' dir='ltr'>mi</span> <span class='ocrx_word' id='word_1_204' title='bbox 875 1811 1080 1874; x_wconf 68' lang='lat' dir='ltr'>spoglrai</span> <span class='ocrx_word' id='word_1_205' title='bbox 1110 1811 1188 1858; x_wconf 85' lang='lat' dir='ltr'>del</span> <span class='ocrx_word' id='word_1_206' title='bbox 1214 1808 1298 1856; x_wconf 74' lang='lat' dir='ltr'>mio</span> <span class='ocrx_word' id='word_1_207' title='bbox 1331 1823 1544 1876; x_wconf 73' lang='lat' dir='ltr'>conregna</span> <span class='ocrx_word' id='word_1_208' title='bbox 1573 1812 1726 1859; x_wconf 82' lang='lat' dir='ltr'>antico</span> <span class='ocrx_word' id='word_1_209' title='bbox 1751 1839 1769 1867; x_wconf 80' lang='lat'>‚</span> <span class='ocrx_word' id='word_1_210' title='bbox 1863 1870 1865 1872; x_wconf 21' lang='grc' dir='ltr'>Ι</span> 
     </span>
    </p>

    <p class='ocr_par' dir='ltr' id='par_1_5' title="bbox 652 1873 2215 1927">
     <span class='ocr_line' id='line_1_23' title="bbox 652 1873 2215 1927; baseline 0.006 -9"><span class='ocrx_word' id='word_1_211' title='bbox 652 1873 814 1919; x_wconf 83' lang='lat' dir='ltr'><em>FEC!</em></span> <span class='ocrx_word' id='word_1_212' title='bbox 851 1875 913 1921; x_wconf 86' lang='lat' dir='ltr'>IL</span> <span class='ocrx_word' id='word_1_213' title='bbox 939 1877 1154 1922; x_wconf 83' lang='lat' dir='ltr'><em>VOL‘IO</em></span> <span class='ocrx_word' id='word_1_214' title='bbox 1192 1874 1346 1921; x_wconf 65' lang='lat' dir='ltr'>SEV:</span> <span class='ocrx_word' id='word_1_215' title='bbox 1362 1876 1461 1922; x_wconf 63' lang='lat' dir='ltr'>Ro*</span> <span class='ocrx_word' id='word_1_216' title='bbox 1490 1876 1527 1921; x_wconf 85' lang='lat' dir='ltr'><em>E</em></span> <span class='ocrx_word' id='word_1_217' title='bbox 1555 1876 1774 1923; x_wconf 72' lang='lat' dir='ltr'><em>TORVO</em></span> <span class='ocrx_word' id='word_1_218' title='bbox 1803 1877 1868 1926; x_wconf 87' lang='lat' dir='ltr'>IL</span> <span class='ocrx_word' id='word_1_219' title='bbox 1896 1877 2215 1927; x_wconf 76' lang='lat' dir='ltr'><em>GUARDO:</em></span> 
     </span>
    </p>

    <p class='ocr_par' dir='ltr' id='par_1_6' title="bbox 387 1936 2432 2841">
     <span class='ocr_line' id='line_1_24' title="bbox 650 1936 2217 2002; baseline 0.003 -17"><span class='ocrx_word' id='word_1_220' title='bbox 650 1936 749 1985; x_wconf 85' lang='lat' dir='ltr'>Che</span> <span class='ocrx_word' id='word_1_221' title='bbox 778 1954 856 1985; x_wconf 86' lang='lat' dir='ltr'>con</span> <span class='ocrx_word' id='word_1_222' title='bbox 877 1952 1019 2002; x_wconf 81' lang='lat' dir='ltr'>gente</span> <span class='ocrx_word' id='word_1_223' title='bbox 1046 1938 1235 1986; x_wconf 79' lang='lat' dir='ltr'>rihalda</span> <span class='ocrx_word' id='word_1_224' title='bbox 1263 1940 1305 1987; x_wconf 77' lang='lat' dir='ltr'>io</span> <span class='ocrx_word' id='word_1_225' title='bbox 1341 1957 1424 1986; x_wconf 87' lang='lat' dir='ltr'>non</span> <span class='ocrx_word' id='word_1_226' title='bbox 1472 1941 1529 1988; x_wconf 87' lang='lat' dir='ltr'>m’</span> <span class='ocrx_word' id='word_1_227' title='bbox 1557 1944 1724 1988; x_wconf 79' lang='lat' dir='ltr'>mtrtco</span> <span class='ocrx_word' id='word_1_228' title='bbox 1747 1971 1763 1988; x_wconf 87' lang='grc'><strong>.</strong></span> <span class='ocrx_word' id='word_1_229' title='bbox 2215 1976 2217 1978; x_wconf 90' lang='grc'>-</span> 
     </span>
     <span class='ocr_line' id='line_1_25' title="bbox 388 1999 2424 2070; baseline 0.001 -19"><span class='ocrx_word' id='word_1_230' title='bbox 388 2000 548 2051; x_wconf 85' lang='lat' dir='ltr'>Mitto</span> <span class='ocrx_word' id='word_1_231' title='bbox 573 1999 1101 2063; x_wconf 86' lang='lat' dir='ltr'>intemperantissimam</span> <span class='ocrx_word' id='word_1_232' title='bbox 1130 2004 1496 2067; x_wconf 84' lang='lat' dir='ltr'>inauditamque</span> <span class='ocrx_word' id='word_1_233' title='bbox 1527 2005 1940 2055; x_wconf 80' lang='lat' dir='ltr'>maledicentiam·</span> <span class='ocrx_word' id='word_1_234' title='bbox 1977 2007 2142 2070; x_wconf 84' lang='lat' dir='ltr'>Negat</span> <span class='ocrx_word' id='word_1_235' title='bbox 2168 2006 2314 2054; x_wconf 88' lang='lat' dir='ltr'>homo</span> <span class='ocrx_word' id='word_1_236' title='bbox 2341 2018 2424 2054; x_wconf 85' lang='lat' dir='ltr'>ne-</span> 
     </span>
     <span class='ocr_line' id='line_1_26' title="bbox 387 2063 2425 2132; baseline 0.001 -18"><span class='ocrx_word' id='word_1_237' title='bbox 387 2063 660 2130; x_wconf 82' lang='lat' dir='ltr'>quisfimuS‚</span> <span class='ocrx_word' id='word_1_238' title='bbox 705 2068 901 2116; x_wconf 84' lang='lat' dir='ltr'>humani</span> <span class='ocrx_word' id='word_1_239' title='bbox 936 2070 1126 2131; x_wconf 87' lang='lat' dir='ltr'>generis</span> <span class='ocrx_word' id='word_1_240' title='bbox 1169 2069 1367 2125; x_wconf 87' lang='lat' dir='ltr'>odium,</span> <span class='ocrx_word' id='word_1_241' title='bbox 1423 2073 1599 2122; x_wconf 58' lang='lat' dir='ltr'>’taliam-w</span> <span class='ocrx_word' id='word_1_242' title='bbox 1640 2071 1690 2118; x_wconf 64' lang='grc' dir='ltr'>(ἵν</span> <span class='ocrx_word' id='word_1_243' title='bbox 1726 2072 1957 2128; x_wconf 47' lang='grc' dir='ltr'>περίψημα,</span> <span class='ocrx_word' id='word_1_244' title='bbox 1994 2072 2187 2132; x_wconf 84' lang='lat' dir='ltr'>Jesuitis</span> <span class='ocrx_word' id='word_1_245' title='bbox 2237 2071 2325 2118; x_wconf 81' lang='lat' dir='ltr'>effe</span> <span class='ocrx_word' id='word_1_246' title='bbox 2379 2069 2425 2117; x_wconf 93' lang='lat' dir='ltr'>se</span> 
     </span>
     <span class='ocr_line' id='line_1_27' title="bbox 388 2133 2427 2199; baseline 0.002 -20"><span class='ocrx_word' id='word_1_247' title='bbox 388 2134 633 2180; x_wconf 81' lang='lat' dir='ltr'>amicum.-</span> <span class='ocrx_word' id='word_1_248' title='bbox 660 2133 833 2193; x_wconf 83' lang='lat' dir='ltr'>quibus</span> <span class='ocrx_word' id='word_1_249' title='bbox 860 2135 1054 2196; x_wconf 89' lang='lat' dir='ltr'>quidem</span> <span class='ocrx_word' id='word_1_250' title='bbox 1084 2134 1203 2180; x_wconf 84' lang='lat' dir='ltr'>nihil</span> <span class='ocrx_word' id='word_1_251' title='bbox 1240 2137 1424 2196; x_wconf 85' lang='lat' dir='ltr'>turpius</span> <span class='ocrx_word' id='word_1_252' title='bbox 1453 2136 1603 2196; x_wconf 81' lang='lat' dir='ltr'>poffet</span> <span class='ocrx_word' id='word_1_253' title='bbox 1635 2136 1892 2192; x_wconf 64' lang='lat' dir='ltr'>ademere,</span> <span class='ocrx_word' id='word_1_254' title='bbox 1925 2140 2065 2199; x_wconf 76' lang='lat' dir='ltr'>quam</span> <span class='ocrx_word' id='word_1_255' title='bbox 2118 2147 2219 2182; x_wconf 85' lang='lat' dir='ltr'>tam</span> <span class='ocrx_word' id='word_1_256' title='bbox 2263 2150 2427 2184; x_wconf 84' lang='lat' dir='ltr'>macu-</span> 
     </span>
     <span class='ocr_line' id='line_1_28' title="bbox 389 2195 2428 2264; baseline 0 -18"><span class='ocrx_word' id='word_1_257' title='bbox 389 2195 473 2246; x_wconf 75' lang='lat' dir='ltr'>losi</span> <span class='ocrx_word' id='word_1_258' title='bbox 501 2196 709 2243; x_wconf 89' lang='lat' dir='ltr'>hominis</span> <span class='ocrx_word' id='word_1_259' title='bbox 735 2198 953 2246; x_wconf 87' lang='lat' dir='ltr'>amicitia</span> <span class='ocrx_word' id='word_1_260' title='bbox 986 2197 1254 2259; x_wconf 85' lang='lat' dir='ltr'>implicari.</span> <span class='ocrx_word' id='word_1_261' title='bbox 1282 2201 1502 2260; x_wconf 81' lang='lat' dir='ltr'>Qorum</span> <span class='ocrx_word' id='word_1_262' title='bbox 1541 2201 1648 2247; x_wconf 85' lang='lat' dir='ltr'>sane</span> <span class='ocrx_word' id='word_1_263' title='bbox 1691 2215 1786 2264; x_wconf 86' lang='lat' dir='ltr'>ego</span> <span class='ocrx_word' id='word_1_264' title='bbox 1831 2202 2091 2249; x_wconf 87' lang='lat' dir='ltr'>tacitorum</span> <span class='ocrx_word' id='word_1_265' title='bbox 2141 2202 2336 2247; x_wconf 86' lang='lat' dir='ltr'>nomine</span> <span class='ocrx_word' id='word_1_266' title='bbox 2373 2198 2428 2246; x_wconf 84' lang='lat' dir='ltr'>fi-</span> 
     </span>
     <span class='ocr_line' id='line_1_29' title="bbox 390 2259 2428 2327; baseline 0.002 -20"><span class='ocrx_word' id='word_1_267' title='bbox 390 2259 565 2308; x_wconf 87' lang='lat' dir='ltr'>denter</span> <span class='ocrx_word' id='word_1_268' title='bbox 597 2260 667 2308; x_wconf 89' lang='lat' dir='ltr'>illi</span> <span class='ocrx_word' id='word_1_269' title='bbox 693 2262 986 2311; x_wconf 87' lang='lat' dir='ltr'>denunciare</span> <span class='ocrx_word' id='word_1_270' title='bbox 1020 2277 1225 2327; x_wconf 72' lang='lat' dir='ltr'>queam3</span> <span class='ocrx_word' id='word_1_271' title='bbox 1256 2278 1351 2310; x_wconf 88' lang='lat' dir='ltr'>non</span> <span class='ocrx_word' id='word_1_272' title='bbox 1396 2266 1542 2312; x_wconf 79' lang='lat' dir='ltr'>modo</span> <span class='ocrx_word' id='word_1_273' title='bbox 1569 2262 1667 2322; x_wconf 87' lang='lat' dir='ltr'>ejus</span> <span class='ocrx_word' id='word_1_274' title='bbox 1693 2267 1957 2312; x_wconf 84' lang='lat' dir='ltr'>amicitiam</span> <span class='ocrx_word' id='word_1_275' title='bbox 1987 2266 2049 2312; x_wconf 87' lang='lat' dir='ltr'>ab</span> <span class='ocrx_word' id='word_1_276' title='bbox 2083 2262 2208 2321; x_wconf 88' lang='lat' dir='ltr'>sese,</span> <span class='ocrx_word' id='word_1_277' title='bbox 2239 2264 2315 2310; x_wconf 87' lang='lat' dir='ltr'>sed</span> <span class='ocrx_word' id='word_1_278' title='bbox 2369 2278 2428 2318; x_wconf 87' lang='lat' dir='ltr'>ne</span> 
     </span>
     <span class='ocr_line' id='line_1_30' title="bbox 391 2326 2427 2390; baseline 0.001 -18"><span class='ocrx_word' id='word_1_279' title='bbox 391 2326 733 2372; x_wconf 80' lang='lat' dir='ltr'>mercenariam</span> <span class='ocrx_word' id='word_1_280' title='bbox 771 2328 965 2389; x_wconf 90' lang='lat' dir='ltr'>quidem</span> <span class='ocrx_word' id='word_1_281' title='bbox 998 2343 1197 2390; x_wconf 81' lang='lat' dir='ltr'>operam</span> <span class='ocrx_word' id='word_1_282' title='bbox 1230 2330 1412 2376; x_wconf 87' lang='lat' dir='ltr'>curari:</span> <span class='ocrx_word' id='word_1_283' title='bbox 1450 2342 1534 2386; x_wconf 81' lang='lat' dir='ltr'>ut,</span> <span class='ocrx_word' id='word_1_284' title='bbox 1565 2329 1593 2376; x_wconf 84' lang='lat' dir='ltr'>fi</span> <span class='ocrx_word' id='word_1_285' title='bbox 1624 2333 1685 2379; x_wconf 88' lang='lat' dir='ltr'>ad</span> <span class='ocrx_word' id='word_1_286' title='bbox 1720 2331 1973 2379; x_wconf 81' lang='lat' dir='ltr'>domestica</span> <span class='ocrx_word' id='word_1_287' title='bbox 2015 2333 2142 2377; x_wconf 89' lang='lat' dir='ltr'>inter</span> <span class='ocrx_word' id='word_1_288' title='bbox 2175 2344 2256 2376; x_wconf 87' lang='lat' dir='ltr'>eos</span> <span class='ocrx_word' id='word_1_289' title='bbox 2286 2329 2427 2376; x_wconf 86' lang='lat' dir='ltr'>mini-</span> 
     </span>
     <span class='ocr_line' id='line_1_31' title="bbox 389 2388 2428 2454; baseline 0.002 -18"><span class='ocrx_word' id='word_1_290' title='bbox 389 2388 558 2442; x_wconf 86' lang='lat' dir='ltr'>steria,</span> <span class='ocrx_word' id='word_1_291' title='bbox 601 2391 892 2453; x_wconf 84' lang='lat' dir='ltr'>culinaeque</span> <span class='ocrx_word' id='word_1_292' title='bbox 923 2394 1044 2441; x_wconf 84' lang='lat' dir='ltr'>adeo</span> <span class='ocrx_word' id='word_1_293' title='bbox 1084 2393 1244 2439; x_wconf 86' lang='lat' dir='ltr'>munia</span> <span class='ocrx_word' id='word_1_294' title='bbox 1274 2394 1496 2440; x_wconf 89' lang='lat' dir='ltr'>obeunda</span> <span class='ocrx_word' id='word_1_295' title='bbox 1545 2396 1741 2441; x_wconf 85' lang='lat' dir='ltr'>admitti</span> <span class='ocrx_word' id='word_1_296' title='bbox 1770 2393 1943 2441; x_wconf 81' lang='lat' dir='ltr'>infimis</span> <span class='ocrx_word' id='word_1_297' title='bbox 1973 2395 2191 2454; x_wconf 86' lang='lat' dir='ltr'>precibus</span> <span class='ocrx_word' id='word_1_298' title='bbox 2222 2393 2428 2454; x_wconf 85' lang='lat' dir='ltr'>postula-</span> 
     </span>
     <span class='ocr_line' id='line_1_32' title="bbox 393 2451 2427 2521; baseline 0.001 -19"><span class='ocrx_word' id='word_1_299' title='bbox 393 2466 502 2508; x_wconf 81' lang='lat' dir='ltr'>ret,</span> <span class='ocrx_word' id='word_1_300' title='bbox 531 2451 584 2501; x_wconf 83' lang='lat'>&amp;</span> <span class='ocrx_word' id='word_1_301' title='bbox 614 2453 713 2515; x_wconf 87' lang='lat' dir='ltr'>ipse</span> <span class='ocrx_word' id='word_1_302' title='bbox 740 2452 793 2503; x_wconf 83' lang='lat'>&amp;</span> <span class='ocrx_word' id='word_1_303' title='bbox 825 2453 924 2511; x_wconf 85' lang='lat' dir='ltr'>ejus</span> <span class='ocrx_word' id='word_1_304' title='bbox 950 2456 1120 2517; x_wconf 84' lang='lat' dir='ltr'>posteri</span> <span class='ocrx_word' id='word_1_305' title='bbox 1151 2458 1208 2502; x_wconf 86' lang='lat' dir='ltr'>ad</span> <span class='ocrx_word' id='word_1_306' title='bbox 1241 2458 1701 2518; x_wconf 83' lang='lat' dir='ltr'>quintamdecimam</span> <span class='ocrx_word' id='word_1_307' title='bbox 1745 2461 2110 2521; x_wconf 86' lang='lat' dir='ltr'>generationem</span> <span class='ocrx_word' id='word_1_308' title='bbox 2140 2486 2157 2514; x_wconf 86' lang='lat'><strong>,</strong></span> <span class='ocrx_word' id='word_1_309' title='bbox 2182 2469 2427 2519; x_wconf 86' lang='lat' dir='ltr'>tamquam</span> 
     </span>
     <span class='ocr_line' id='line_1_33' title="bbox 401 2517 2429 2583; baseline 0.002 -18"><span class='ocrx_word' id='word_1_310' title='bbox 401 2517 682 2565; x_wconf 85' lang='lat' dir='ltr'>mortalium</span> <span class='ocrx_word' id='word_1_311' title='bbox 711 2518 1122 2582; x_wconf 84' lang='lat' dir='ltr'>adrogantiffimi‚</span> <span class='ocrx_word' id='word_1_312' title='bbox 1163 2536 1219 2567; x_wconf 90' lang='lat' dir='ltr'>ac</span> <span class='ocrx_word' id='word_1_313' title='bbox 1246 2523 1384 2568; x_wconf 83' lang='lat' dir='ltr'>nimis</span> <span class='ocrx_word' id='word_1_314' title='bbox 1416 2523 1514 2569; x_wconf 86' lang='lat' dir='ltr'>alta</span> <span class='ocrx_word' id='word_1_315' title='bbox 1546 2536 1769 2583; x_wconf 84' lang='lat' dir='ltr'>petentes</span> <span class='ocrx_word' id='word_1_316' title='bbox 1792 2552 1807 2578; x_wconf 86' lang='lat'>,</span> <span class='ocrx_word' id='word_1_317' title='bbox 1837 2522 2180 2579; x_wconf 83' lang='lat' dir='ltr'>rejicerentur.</span> <span class='ocrx_word' id='word_1_318' title='bbox 2210 2523 2312 2582; x_wconf 78' lang='lat' dir='ltr'>Ego</span> <span class='ocrx_word' id='word_1_319' title='bbox 2345 2538 2429 2569; x_wconf 85' lang='lat' dir='ltr'>ve-</span> 
     </span>
     <span class='ocr_line' id='line_1_34' title="bbox 395 2583 2431 2649; baseline 0.003 -21"><span class='ocrx_word' id='word_1_320' title='bbox 395 2583 455 2628; x_wconf 76' lang='lat' dir='ltr'>ro</span> <span class='ocrx_word' id='word_1_321' title='bbox 487 2595 584 2628; x_wconf 89' lang='lat' dir='ltr'>non</span> <span class='ocrx_word' id='word_1_322' title='bbox 602 2583 868 2632; x_wconf 78' lang='lat' dir='ltr'>modoeum</span> <span class='ocrx_word' id='word_1_323' title='bbox 885 2584 1630 2649; x_wconf 80' lang='lat' dir='ltr'>cumJesuitisautegiffeantea‚</span> <span class='ocrx_word' id='word_1_324' title='bbox 1651 2600 1735 2635; x_wconf 87' lang='lat' dir='ltr'>aut</span> <span class='ocrx_word' id='word_1_325' title='bbox 1750 2602 1893 2649; x_wconf 83' lang='lat' dir='ltr'>agere</span> <span class='ocrx_word' id='word_1_326' title='bbox 1923 2586 2136 2634; x_wconf 84' lang='lat' dir='ltr'>nuncilli</span> <span class='ocrx_word' id='word_1_327' title='bbox 2171 2586 2431 2634; x_wconf 84' lang='lat' dir='ltr'>adfirman-</span> 
     </span>
     <span class='ocr_line' id='line_1_35' title="bbox 398 2643 2432 2714; baseline 0.004 -23"><span class='ocrx_word' id='word_1_328' title='bbox 398 2646 444 2692; x_wconf 83' lang='lat' dir='ltr'>ti</span> <span class='ocrx_word' id='word_1_329' title='bbox 474 2643 617 2693; x_wconf 85' lang='lat' dir='ltr'>facile</span> <span class='ocrx_word' id='word_1_330' title='bbox 639 2652 815 2697; x_wconf 85' lang='lat' dir='ltr'>credo:</span> <span class='ocrx_word' id='word_1_331' title='bbox 848 2649 923 2696; x_wconf 88' lang='lat' dir='ltr'>sed</span> <span class='ocrx_word' id='word_1_332' title='bbox 965 2649 1083 2697; x_wconf 85' lang='lat' dir='ltr'>illud</span> <span class='ocrx_word' id='word_1_333' title='bbox 1114 2651 1259 2696; x_wconf 84' lang='lat' dir='ltr'>etiam</span> <span class='ocrx_word' id='word_1_334' title='bbox 1293 2665 1464 2698; x_wconf 85' lang='lat' dir='ltr'>vereor</span> <span class='ocrx_word' id='word_1_335' title='bbox 1493 2665 1549 2698; x_wconf 88' lang='lat' dir='ltr'>ne</span> <span class='ocrx_word' id='word_1_336' title='bbox 1581 2666 1806 2714; x_wconf 86' lang='lat' dir='ltr'>umquam</span> <span class='ocrx_word' id='word_1_337' title='bbox 1839 2653 1976 2699; x_wconf 87' lang='lat' dir='ltr'>miser</span> <span class='ocrx_word' id='word_1_338' title='bbox 2006 2665 2098 2697; x_wconf 87' lang='lat' dir='ltr'>non</span> <span class='ocrx_word' id='word_1_339' title='bbox 2133 2650 2187 2698; x_wconf 81' lang='lat' dir='ltr'>fit</span> <span class='ocrx_word' id='word_1_340' title='bbox 2226 2650 2432 2699; x_wconf 62' lang='lat' dir='ltr'>adiutus.</span> 
     </span>
     <span class='ocr_line' id='line_1_36' title="bbox 395 2709 2432 2779; baseline 0.004 -24"><span class='ocrx_word' id='word_1_341' title='bbox 395 2709 588 2756; x_wconf 83' lang='lat' dir='ltr'>Etenim</span> <span class='ocrx_word' id='word_1_342' title='bbox 619 2711 715 2771; x_wconf 87' lang='lat' dir='ltr'>ipse</span> <span class='ocrx_word' id='word_1_343' title='bbox 748 2711 800 2761; x_wconf 67' lang='grc' dir='ltr'>ὃ(</span> <span class='ocrx_word' id='word_1_344' title='bbox 838 2715 987 2761; x_wconf 85' lang='lat' dir='ltr'>malus</span> <span class='ocrx_word' id='word_1_345' title='bbox 1024 2713 1084 2760; x_wconf 89' lang='lat' dir='ltr'>est</span> <span class='ocrx_word' id='word_1_346' title='bbox 1105 2744 1121 2770; x_wconf 88' lang='lat'>‚</span> <span class='ocrx_word' id='word_1_347' title='bbox 1153 2730 1236 2761; x_wconf 87' lang='lat' dir='ltr'>nec</span> <span class='ocrx_word' id='word_1_348' title='bbox 1257 2745 1272 2771; x_wconf 91' lang='lat'>,</span> <span class='ocrx_word' id='word_1_349' title='bbox 1308 2728 1360 2761; x_wconf 90' lang='lat' dir='ltr'>ut</span> <span class='ocrx_word' id='word_1_350' title='bbox 1386 2716 1598 2762; x_wconf 85' lang='lat' dir='ltr'>arbitror</span> <span class='ocrx_word' id='word_1_351' title='bbox 1630 2746 1646 2772; x_wconf 86' lang='lat'>‚</span> <span class='ocrx_word' id='word_1_352' title='bbox 1684 2718 1835 2764; x_wconf 87' lang='lat' dir='ltr'>bonus</span> <span class='ocrx_word' id='word_1_353' title='bbox 1870 2715 2059 2762; x_wconf 84' lang='lat' dir='ltr'>futurus</span> <span class='ocrx_word' id='word_1_354' title='bbox 2086 2714 2148 2762; x_wconf 89' lang='lat' dir='ltr'>est</span> <span class='ocrx_word' id='word_1_355' title='bbox 2177 2730 2432 2779; x_wconf 81' lang='lat' dir='ltr'>umquam-</span> 
     </span>
     <span class='ocr_line' id='line_1_37' title="bbox 399 2773 2367 2841; baseline 0.004 -22"><span class='ocrx_word' id='word_1_356' title='bbox 399 2773 500 2831; x_wconf 80' lang='lat' dir='ltr'>Qi</span> <span class='ocrx_word' id='word_1_357' title='bbox 531 2787 691 2822; x_wconf 87' lang='lat' dir='ltr'>autem</span> <span class='ocrx_word' id='word_1_358' title='bbox 725 2793 831 2825; x_wconf 89' lang='lat' dir='ltr'>cum</span> <span class='ocrx_word' id='word_1_359' title='bbox 863 2778 1060 2840; x_wconf 86' lang='lat' dir='ltr'>Jesuitis</span> <span class='ocrx_word' id='word_1_360' title='bbox 1093 2792 1278 2841; x_wconf 84' lang='lat' dir='ltr'>agunt,</span> <span class='ocrx_word' id='word_1_361' title='bbox 1318 2780 1393 2826; x_wconf 89' lang='lat' dir='ltr'>vel</span> <span class='ocrx_word' id='word_1_362' title='bbox 1430 2781 1539 2827; x_wconf 87' lang='lat' dir='ltr'>boni</span> <span class='ocrx_word' id='word_1_363' title='bbox 1569 2780 1710 2837; x_wconf 88' lang='lat' dir='ltr'>sunt,</span> <span class='ocrx_word' id='word_1_364' title='bbox 1748 2781 1821 2828; x_wconf 89' lang='lat' dir='ltr'>vel</span> <span class='ocrx_word' id='word_1_365' title='bbox 1857 2781 2074 2827; x_wconf 83' lang='lat' dir='ltr'>definunt</span> <span class='ocrx_word' id='word_1_366' title='bbox 2101 2782 2367 2828; x_wconf 71' lang='lat' dir='ltr'>effe-&#39;mali-</span> 
     </span>
    </p>

    <p class='ocr_par' dir='ltr' id='par_1_7' title="bbox 401 2836 2435 3412">
     <span class='ocr_line' id='line_1_38' title="bbox 469 2836 2434 2907; baseline 0.005 -23"><span class='ocrx_word' id='word_1_367' title='bbox 469 2836 537 2891; x_wconf 65' lang='grc' dir='ltr'>Ψ.</span> <span class='ocrx_word' id='word_1_368' title='bbox 578 2840 685 2886; x_wconf 81' lang='lat'>118.</span> <span class='ocrx_word' id='word_1_369' title='bbox 723 2843 793 2904; x_wconf 88' lang='lat' dir='ltr'>[q]</span> <span class='ocrx_word' id='word_1_370' title='bbox 834 2845 1073 2903; x_wconf 65' lang='lat' dir='ltr'>Quaedam</span> <span class='ocrx_word' id='word_1_371' title='bbox 1096 2844 1316 2892; x_wconf 72' lang='lat' dir='ltr'>Zetetica</span> <span class='ocrx_word' id='word_1_372' title='bbox 1355 2860 1537 2891; x_wconf 83' lang='lat' dir='ltr'>cernere</span> <span class='ocrx_word' id='word_1_373' title='bbox 1561 2845 1746 2900; x_wconf 79' lang='lat' dir='ltr'>curstm·</span> <span class='ocrx_word' id='word_1_374' title='bbox 1776 2845 1935 2892; x_wconf 79' lang='lat' dir='ltr'>Multa</span> <span class='ocrx_word' id='word_1_375' title='bbox 1963 2860 2110 2907; x_wconf 66' lang='lat' dir='ltr'>quum</span> <span class='ocrx_word' id='word_1_376' title='bbox 2133 2846 2281 2907; x_wconf 80' lang='lat' dir='ltr'>poffet</span> <span class='ocrx_word' id='word_1_377' title='bbox 2302 2876 2316 2901; x_wconf 84' lang='lat'>,</span> <span class='ocrx_word' id='word_1_378' title='bbox 2335 2860 2434 2893; x_wconf 75' lang='lat' dir='ltr'>ma-</span> 
     </span>
     <span class='ocr_line' id='line_1_39' title="bbox 401 2902 2435 2972; baseline 0.003 -22"><span class='ocrx_word' id='word_1_379' title='bbox 401 2902 494 2950; x_wconf 88' lang='lat' dir='ltr'>luit</span> <span class='ocrx_word' id='word_1_380' title='bbox 528 2904 747 2952; x_wconf 85' lang='lat' dir='ltr'>Zetetica</span> <span class='ocrx_word' id='word_1_381' title='bbox 775 2913 1029 2954; x_wconf 79' lang='lat' dir='ltr'>nominare</span> <span class='ocrx_word' id='word_1_382' title='bbox 1052 2911 1232 2963; x_wconf 77' lang='lat' dir='ltr'>Poeta,</span> <span class='ocrx_word' id='word_1_383' title='bbox 1260 2924 1359 2972; x_wconf 91' lang='lat' dir='ltr'>quo</span> <span class='ocrx_word' id='word_1_384' title='bbox 1380 2924 1529 2970; x_wconf 77' lang='lat' dir='ltr'>magis</span> <span class='ocrx_word' id='word_1_385' title='bbox 1553 2908 1900 2957; x_wconf 79' lang='lat' dir='ltr'>Graeculorum</span> <span class='ocrx_word' id='word_1_386' title='bbox 1916 2908 2308 2963; x_wconf 81' lang='lat' dir='ltr'>consuetudinem</span> <span class='ocrx_word' id='word_1_387' title='bbox 2327 2912 2435 2957; x_wconf 90' lang='lat' dir='ltr'>imi-</span> 
     </span>
     <span class='ocr_line' id='line_1_40' title="bbox 401 2969 2432 3036; baseline 0.003 -21"><span class='ocrx_word' id='word_1_388' title='bbox 401 2978 623 3022; x_wconf 63' lang='lat' dir='ltr'>caretur,</span> <span class='ocrx_word' id='word_1_389' title='bbox 646 2969 761 3026; x_wconf 87' lang='lat' dir='ltr'>qui,</span> <span class='ocrx_word' id='word_1_390' title='bbox 786 2985 908 3032; x_wconf 84' lang='lat' dir='ltr'>quae</span> <span class='ocrx_word' id='word_1_391' title='bbox 949 2973 1102 3020; x_wconf 87' lang='lat' dir='ltr'>minus</span> <span class='ocrx_word' id='word_1_392' title='bbox 1136 2973 1344 3035; x_wconf 76' lang='lat' dir='ltr'>intelligi</span> <span class='ocrx_word' id='word_1_393' title='bbox 1379 2977 1527 3034; x_wconf 86' lang='lat' dir='ltr'>vulgo</span> <span class='ocrx_word' id='word_1_394' title='bbox 1563 2986 1774 3034; x_wconf 85' lang='lat' dir='ltr'>putant,</span> <span class='ocrx_word' id='word_1_395' title='bbox 1802 2989 1859 3021; x_wconf 88' lang='lat' dir='ltr'>ea</span> <span class='ocrx_word' id='word_1_396' title='bbox 1915 2975 2067 3036; x_wconf 87' lang='lat' dir='ltr'>magis</span> <span class='ocrx_word' id='word_1_397' title='bbox 2110 2976 2157 3021; x_wconf 84' lang='lat' dir='ltr'>in</span> <span class='ocrx_word' id='word_1_398' title='bbox 2204 2974 2432 3022; x_wconf 85' lang='lat' dir='ltr'>sermoni-</span> 
     </span>
     <span class='ocr_line' id='line_1_41' title="bbox 401 3031 2432 3096; baseline 0.003 -18"><span class='ocrx_word' id='word_1_399' title='bbox 401 3031 488 3078; x_wconf 87' lang='lat' dir='ltr'>bus</span> <span class='ocrx_word' id='word_1_400' title='bbox 515 3035 661 3079; x_wconf 86' lang='lat' dir='ltr'>etiam</span> <span class='ocrx_word' id='word_1_401' title='bbox 700 3031 1010 3083; x_wconf 88' lang='lat' dir='ltr'>familiaribus</span> <span class='ocrx_word' id='word_1_402' title='bbox 1049 3036 1310 3096; x_wconf 85' lang='lat' dir='ltr'>usurpant.</span> <span class='ocrx_word' id='word_1_403' title='bbox 1345 3038 1565 3085; x_wconf 71' lang='lat' dir='ltr'>Zetett‘ca</span> <span class='ocrx_word' id='word_1_404' title='bbox 1597 3050 1760 3086; x_wconf 85' lang='lat' dir='ltr'>autem</span> <span class='ocrx_word' id='word_1_405' title='bbox 1798 3041 1934 3094; x_wconf 87' lang='lat' dir='ltr'>sunt,</span> <span class='ocrx_word' id='word_1_406' title='bbox 1967 3040 2025 3085; x_wconf 87' lang='lat' dir='ltr'>ad</span> <span class='ocrx_word' id='word_1_407' title='bbox 2056 3038 2261 3085; x_wconf 86' lang='lat' dir='ltr'>scholam</span> <span class='ocrx_word' id='word_1_408' title='bbox 2288 3040 2432 3086; x_wconf 89' lang='lat' dir='ltr'>Zete-</span> 
     </span>
     <span class='ocr_line' id='line_1_42' title="bbox 407 3096 2435 3164; baseline 0.004 -24"><span class='ocrx_word' id='word_1_409' title='bbox 407 3096 555 3141; x_wconf 87' lang='lat' dir='ltr'>ticam</span> <span class='ocrx_word' id='word_1_410' title='bbox 584 3098 880 3156; x_wconf 86' lang='lat' dir='ltr'>pertinentia</span> <span class='ocrx_word' id='word_1_411' title='bbox 899 3128 915 3144; x_wconf 88' lang='grc'><strong>.</strong></span> <span class='ocrx_word' id='word_1_412' title='bbox 947 3101 1093 3147; x_wconf 87' lang='lat' dir='ltr'>Porro</span> <span class='ocrx_word' id='word_1_413' title='bbox 1121 3103 1344 3150; x_wconf 88' lang='lat' dir='ltr'>Zetetica</span> <span class='ocrx_word' id='word_1_414' title='bbox 1378 3102 1534 3149; x_wconf 80' lang='lat' dir='ltr'>(chola</span> <span class='ocrx_word' id='word_1_415' title='bbox 1560 3102 1782 3151; x_wconf 89' lang='lat' dir='ltr'>censetur</span> <span class='ocrx_word' id='word_1_416' title='bbox 1805 3106 2019 3150; x_wconf 85' lang='lat' dir='ltr'>omnium</span> <span class='ocrx_word' id='word_1_417' title='bbox 2053 3101 2141 3147; x_wconf 72' lang='lat' dir='ltr'>ess‘e</span> <span class='ocrx_word' id='word_1_418' title='bbox 2167 3101 2435 3164; x_wconf 82' lang='lat' dir='ltr'>antiquiffi-</span> 
     </span>
     <span class='ocr_line' id='line_1_43' title="bbox 405 3161 2430 3230; baseline 0.004 -23"><span class='ocrx_word' id='word_1_419' title='bbox 405 3173 518 3214; x_wconf 85' lang='lat' dir='ltr'>ma,</span> <span class='ocrx_word' id='word_1_420' title='bbox 551 3162 610 3208; x_wconf 86' lang='lat' dir='ltr'>ab</span> <span class='ocrx_word' id='word_1_421' title='bbox 652 3161 852 3222; x_wconf 85' lang='lat' dir='ltr'>ipsoque</span> <span class='ocrx_word' id='word_1_422' title='bbox 884 3161 1007 3209; x_wconf 87' lang='lat' dir='ltr'>adeo</span> <span class='ocrx_word' id='word_1_423' title='bbox 1039 3165 1177 3212; x_wconf 90' lang='lat' dir='ltr'>Mose</span> <span class='ocrx_word' id='word_1_424' title='bbox 1219 3167 1468 3223; x_wconf 81' lang='lat' dir='ltr'>instituta;</span> <span class='ocrx_word' id='word_1_425' title='bbox 1501 3168 1870 3230; x_wconf 86' lang='lat' dir='ltr'>divinarumque</span> <span class='ocrx_word' id='word_1_426' title='bbox 1895 3180 2042 3228; x_wconf 86' lang='lat' dir='ltr'>atque</span> <span class='ocrx_word' id='word_1_427' title='bbox 2082 3166 2430 3216; x_wconf 54' lang='lat' dir='ltr'>humanarum„</span> 
     </span>
     <span class='ocr_line' id='line_1_44' title="bbox 406 3225 2431 3295; baseline 0.002 -24"><span class='ocrx_word' id='word_1_428' title='bbox 406 3238 564 3272; x_wconf 81' lang='lat' dir='ltr'>rerum</span> <span class='ocrx_word' id='word_1_429' title='bbox 595 3225 843 3274; x_wconf 84' lang='lat' dir='ltr'>scientiam</span> <span class='ocrx_word' id='word_1_430' title='bbox 871 3225 1156 3287; x_wconf 81' lang='lat' dir='ltr'>profitetur·</span> <span class='ocrx_word' id='word_1_431' title='bbox 1189 3229 1338 3288; x_wconf 82' lang='lat' dir='ltr'>cujus</span> <span class='ocrx_word' id='word_1_432' title='bbox 1374 3229 1559 3279; x_wconf 88' lang='lat' dir='ltr'>scholae</span> <span class='ocrx_word' id='word_1_433' title='bbox 1585 3232 1821 3295; x_wconf 87' lang='lat' dir='ltr'>originem</span> <span class='ocrx_word' id='word_1_434' title='bbox 1850 3246 1905 3278; x_wconf 84' lang='lat' dir='ltr'>ac</span> <span class='ocrx_word' id='word_1_435' title='bbox 1933 3230 2171 3277; x_wconf 86' lang='lat' dir='ltr'>rationem</span> <span class='ocrx_word' id='word_1_436' title='bbox 2210 3232 2431 3278; x_wconf 81' lang='lat' dir='ltr'>Domini-</span> 
     </span>
     <span class='ocr_line' id='line_1_45' title="bbox 406 3289 2430 3361; baseline 0.002 -23"><span class='ocrx_word' id='word_1_437' title='bbox 406 3302 490 3339; x_wconf 87' lang='lat' dir='ltr'>cus</span> <span class='ocrx_word' id='word_1_438' title='bbox 519 3290 723 3342; x_wconf 83' lang='lat' dir='ltr'>Aulifius</span> <span class='ocrx_word' id='word_1_439' title='bbox 755 3290 839 3343; x_wconf 78' lang='lat' dir='ltr'>lib.</span> <span class='ocrx_word' id='word_1_440' title='bbox 877 3305 898 3341; x_wconf 88' lang='lat'>1</span> <span class='ocrx_word' id='word_1_441' title='bbox 951 3289 1009 3338; x_wconf 86' lang='lat' dir='ltr'>de</span> <span class='ocrx_word' id='word_1_442' title='bbox 1036 3292 1209 3355; x_wconf 79' lang='lat' dir='ltr'>scholis</span> <span class='ocrx_word' id='word_1_443' title='bbox 1241 3292 1660 3361; x_wconf 69' lang='lat' dir='ltr'>sacris‘tradidit:</span> <span class='ocrx_word' id='word_1_444' title='bbox 1691 3296 1870 3358; x_wconf 82' lang='lat' dir='ltr'>placita</span> <span class='ocrx_word' id='word_1_445' title='bbox 1911 3308 2031 3345; x_wconf 85' lang='lat' dir='ltr'>vero</span> <span class='ocrx_word' id='word_1_446' title='bbox 2078 3306 2231 3357; x_wconf 32' lang='lat' dir='ltr'>atque·</span> <span class='ocrx_word' id='word_1_447' title='bbox 2259 3293 2430 3342; x_wconf 65' lang='lat' dir='ltr'>deciri-</span> 
     </span>
     <span class='ocr_line' id='line_1_46' title="bbox 1328 3363 2365 3412; baseline -0.006 0"><span class='ocrx_word' id='word_1_448' title='bbox 1328 3363 1381 3412; x_wconf 94' lang='lat' dir='ltr'>D</span> <span class='ocrx_word' id='word_1_449' title='bbox 2257 3372 2365 3407; x_wconf 84' lang='lat' dir='ltr'>nam</span> 
     </span>
    </p>
   </div>
  </div>
 </body>
</html>
