2654 4085
827 378 1674 487 QUINTUsr
2167 402 2269 483 κγ

324 538 542 594 tribunal
577 534 838 590 deferenda
866 540 989 600 finr,
1015 543 1206 590 utinam
1239 535 1361 587 falso
1391 537 1542 587 Poeta
1569 537 1987 599 conquereretur!
2359 571 2366 586 ,-

396 607 461 663 Ψ.
500 605 613 656 162.
648 603 727 667 (u)
772 606 990 656 Sadoleto
1016 606 1174 670 firior
1222 619 1368 654 annus
1395 631 1412 650 .
1449 600 1653 651 Saeculo
1701 613 1794 650 xvt
1847 598 2016 650 floruit
2054 598 2304 656 Sadoletus
2341 616 2362 657 ε

321 671 454 732 cuius
479 668 655 719 saeculi
681 671 936 734 scriptores
964 671 1036 720 ita
1065 669 1297 721 Graeculi
1319 668 1582 732 suspiciunt
1600 695 1617 726 ,
1642 677 1727 725 ut,
1767 674 2050 732 quotquot,
2088 681 2149 718 eo
2173 669 2362 733 exaflo,

322 735 609 798 scripserunt
626 765 643 791 ,
676 734 770 784 fine
797 738 1088 800 exceptione
1116 735 1420 801 despiciant.
2135 772 2141 778 .

386 801 456 857 V·
496 814 606 864 170·
641 801 732 866 (x)
753 805 860 869 Jeste
890 820 1043 851 nomen
1057 801 1187 868 facit
1229 801 1312 866 effi!
1333 798 1581 866 pigendum
1602 828 1617 847 .
1647 797 1766 849 Non
1800 807 1900 847 tam
1925 795 2193 848 Graeculos
2217 798 2323 849 heic
2343 832 2364 863 ‚

319 881 462 931 quam
494 869 800 930 nescioquam
829 869 1078 919 hominurn
1110 869 1248 916 bonis
1272 866 1497 915 omnibus
1523 864 1666 915 valde
1696 861 1954 927 suspeciam
1980 861 2161 914 Sectam
2181 894 2196 922 ,
2224 864 2365 930 figni-

319 931 451 981 ficari
485 930 698 980 arbitror
734 961 749 978 .
776 934 916 980 Hanc
945 947 1003 979 ex
1044 932 1226 995 Anglia
1265 931 1528 996 Galliaque
1570 932 1735 996 legum
1776 929 2067 987 severitate,
2105 928 2365 992 supplicio.

317 1011 520 1060 rumque
546 1008 677 1045 metu
709 997 987 1057 detrusam,
1027 1011 1184 1044 rerum
1235 995 1422 1045 suarum
1462 997 1790 1057 mysteriorum
1833 1011 1892 1044 ue
1931 994 2059 1043 sedes
2104 996 2363 1044 conlocare

320 1063 369 1109 in
405 1061 546 1109 Italia
584 1059 867 1124 jampridem
911 1061 1117 1123 coepisse
1155 1061 1397 1124 plurimi,
1434 1076 1522 1108 nec
1550 1073 1767 1118 temere,
1812 1061 2127 1124 uspicantur.
2163 1062 2253 1110 Sed
2289 1075 2365 1108 er-

319 1138 431 1174 rant
454 1155 471 1181 ,
499 1123 528 1171 fi
562 1126 644 1186 qui
672 1138 888 1186 putant,
929 1125 1293 1189 vigilantiffimo
1340 1123 1730 1189 Saneiissirnoque
1782 1123 2015 1174 Pontifice
2067 1125 2365 1188 reipublicae

320 1189 621 1238 Christianae
655 1189 970 1243 moderante,
1012 1190 1196 1240 diutius
1232 1206 1338 1241 eam
1385 1191 1514 1253 apud
1562 1191 1714 1240 Italos
1754 1191 1884 1253 poffe
1922 1188 2366 1250 confistere.‚Sunt

317 1252 423 1310 ejus
457 1251 650 1315 quidem
679 1252 842 1309 SeRae
874 1255 1017 1302 initia
1062 1255 1307 1304 Eleufinae
1335 1257 1525 1304 Cereris
1557 1253 1698 1317 sacrIs
1725 1254 2036 1313 occultiora;
2080 1270 2180 1318 quo
2213 1255 2364 1303 etiam

317 1315 548 1373 majorem
578 1316 847 1379 suspicandi
882 1318 1174 1383 verendique
1201 1319 1363 1369 ansam
1404 1320 1618 1368 cordatis
1668 1320 1781 1368 viris
1825 1319 2090 1380 praebent:
2133 1330 2366 1366 verunta-

316 1395 426 1429 men
458 1394 558 1426 non
586 1381 644 1427 fic
672 1384 835 1429 omnia
863 1383 1133 1436 occultari,
1176 1386 1458 1443 praesertim
1489 1387 1537 1431 in
1578 1399 1758 1448 magno
1798 1383 2097 1430 Sectatorum
2131 1396 2369 1440 nurnero,

316 1444 539 1508 poss'unt,
568 1456 622 1489 ut
657 1458 754 1490 non
793 1445 1028 1504 quaedam
1060 1441 1299 1497 effluant,
1333 1447 1394 1488 ad
1426 1458 1662 1504 auresque
1710 1445 1960 1493 hominum
2015 1457 2304 1505 permanent
2348 1474 2367 1495 ι

315 1511 553 1558 Feruntur
576 1519 740 1555 autem
766 1507 864 1555 duo
898 1505 979 1553 illa
1014 1502 1104 1554 esse
1149 1505 1314 1554 sectae
1347 1520 1445 1553 non
1472 1506 1707 1568 postrema
1748 1507 1981 1566 decreta,
2015 1519 2071 1556 ut
2121 1509 2176 1558 &
2210 1512 2367 1574 Jesui.

315 1587 473 1621 tarum
502 1572 612 1619 libri
653 1570 774 1620 nulli
823 1586 972 1634 penes
1001 1570 1229 1620 Initiatos
1265 1570 1388 1628 lint,
1431 1569 1485 1619 δί
1509 1600 1527 1628 ‚
1552 1583 1723 1620 contra
1745 1570 1960 1635 Jesuitas
1979 1572 2275 1639 quicumque
2304 1575 2366 1626 ad

312 1640 438 1686 hanc
466 1636 592 1684 diem
622 1637 937 1700 prodierunt,
971 1636 1089 1685 nulli
1122 1651 1218 1684 non
1251 1637 1372 1684 fint:
1423 1636 1759 1685 Provinciales
1812 1637 2098 1699 praesertim
2132 1654 2258 1704 quae
2289 1642 2369 1689 in.

317 1703 588 1751 scribuntur
611 1702 834 1757 litterae,
862 1702 915 1750 &
947 1703 1078 1750 suba
1112 1717 1278 1765 magna
1300 1720 1316 1751 .-
1345 1716 1550 1764 quorum
1584 1701 1820 1750 librorum
1860 1703 1986 1753 alter
2028 1704 2221 1754 Veteris
2273 1707 2367 1755 Te-

314 1768 572 1827 stamenti,
613 1767 737 1814 alter
783 1767 919 1814 Novi
964 1765 1091 1828 apud
1123 1782 1204 1812 eos
1233 1782 1387 1827 paene
1431 1766 1772 1827 auc}oritatern
1812 1768 2069 1817 obtineat·
2105 1770 2234 1819 Vere
2258 1802 2277 1811 ·
2305 1785 2366 1821 ne

316 1835 436 1881 haec
464 1846 526 1878 an
566 1830 684 1879 falso
708 1829 958 1887 ferantur,
1000 1831 1199 1889 nescio;
1245 1829 1467 1880 feruntur
1513 1844 1711 1881 tamen:
1758 1833 2062 1898 omninoque
2111 1835 2367 1898 respexisse

315 1898 378 1945 ad
418 1912 473 1944 ea
524 1899 724 1944 l‘oetam
752 1909 984 1944 autumo.

391 1961 459 2016 W.
498 1976 609 2027 173·
632 1958 950 2024 (y)‘Borbonio
978 1959 1098 2023 ceffit
1123 1976 1248 2026 quom
1265 1962 1404 2011 Roma
1409 1962 1601 2029 furenti
1612 1995 1629 2012 .
1658 1962 2001 2013 Neinfandum
2021 1962 2240 2013 dolorem
2268 1981 2367 2014 me·

318 2026 558 2075 morando
606 2041 923 2082 renovemus,
961 2028 1202 2089 integram
1233 2042 1330 2074 rem
1360 2031 1420 2075 ad
1449 2044 1533 2076 eos
1562 2029 1822 2078 Historicos
1854 2029 2148 2078 remittimus
2170 2058 2188 2088 ,
2209 2029 2369 2094 quide

319 2093 461 2143 rebus
499 2091 741 2141 Romanis
764 2094 878 2138 anni
913 2093 1223 2141 MDXXVH
1263 2092 1551 2154 scripserunt
1576 2124 1591 2140 .

386 2156 454 2211 Ψ.
495 2160 604 2206 180.
641 2158 724 2220 (z)
762 2157 1031 2212 Lemenisst
1070 2156 1185 2221 quid
1214 2171 1417 2204 recitas.
1461 2159 1734 2208 Franciscus
1784 2161 2012 2209 Lemenes
2059 2158 2315 2211 Laudenfis
2342 2189 2364 2219 ,

316 2223 654 2271 celeberrimus
683 2223 930 2282 proximae
958 2225 1219 2270 memoriae
1252 2223 1436 2285 Poeta3
1467 2227 1550 2289 qui
1595 2227 1678 2275 vix
1709 2224 1795 2276 ulli
1837 2225 2012 2276 saeculi
2055 2241 2149 2276 xvr
2194 2240 2223 2273 a
2264 2230 2371 2277 Do·

320 2288 406 2335 &is
431 2285 532 2344 iure
568 2287 864 2334 existimatur
900 2289 1200 2335 concedere.

390 2350 459 2406 Vl.
498 2365 610 2414 219.
646 2354 749 2415 [aa]
778 2355 951 2400 Mecum
988 2353 1274 2399 meditantur
1306 2352 1508 2417 foedera
1543 2350 1676 2401 multi
1706 2355 1904 2417 Jungere
1932 2385 1948 2402 .
1979 2357 2135 2405 Immo
2174 2352 2374 2413 iunxifl‘e

318 2415 412 2477 jam
442 2415 674 2477 plurimos
698 2433 756 2464 ex
787 2430 886 2464 ram
920 2418 1082 2464 multis
1100 2446 1117 2474 ‚
1143 2419 1225 2479 qui
1256 2420 1481 2480 quotidie
1507 2419 1557 2466 in
1581 2419 1633 2468 1..
1654 2418 1840 2467 Serrani
1866 2420 2250 2484 Sermonumque
2272 2418 2372 2479 ejus

320 2483 511 2531 laudem
544 2482 827 2544 prodeunt,
861 2481 1035 2529 libellis
1075 2482 1322 2530 videmus.

390 2545 458 2600 Ψ.
497 2561 608 2612 254.
644 2548 747 2610 [bb]
788 2549 914 2609 Qus
944 2548 1092 2612 Reges
1137 2559 1275 2611 atque
1319 2547 1608 2595 *retrarchae
1651 2545 1871 2605 Constliis
1909 2548 2132 2598 adhibent
2164 2582 2182 2597 .
2238 2551 2374 2599 Haec

323 2626 469 2674 quam
504 2627 616 2659 vere
648 2613 909 2669 dicantur,
942 2610 1057 2659 scire
1086 2613 1226 2661 Rana
1244 2611 1440 2660 Etrusca
1460 2625 1593 2660 certe
1617 2626 1714 2660 non
1744 2614 1934 2674 potest,
1968 2630 2092 2678 quae
2113 2629 2376 2679 numquam

325 2692 353 2725 e
389 2675 467 2739 sua
494 2677 672 2739 palude
698 2676 915 2734 emersit,
948 2691 1067 2733 nec,
1097 2676 1178 2724 nisi
1214 2679 1275 2727 R.
1305 2680 1353 2724 Ρ.
1380 2679 1629 2740 Ignatium
1656 2680 1984 2740 Jacominium
2022 2679 2174 2728 adeffe
2195 2683 2263 2729 illi
2286 2695 2374 2727 no·
2452 2674 2455 2677 ’

327 2741 446 2789 strae
477 2745 651 2790 aetatis
683 2742 884 2792 Heroidi
930 2744 1100 2790 Annae
1124 2741 1346 2803 Aloysrae
1379 2743 1632 2791 Mediceae
1661 2773 1678 2800 ,
1718 2743 1937 2793 Eleeirici
1975 2745 2164 2794 Viduae
2197 2744 2377 2794 Palati·-

328 2820 455 2861 nae,
487 2804 782 2867 suspicatur.
809 2807 908 2868 Qi
940 2822 1057 2855 vero
1084 2809 1255 2868 pedem
1289 2809 1438 2855 domo
1478 2807 1744 2872 aliquando
1779 2810 2093 2866 extulerunt,
2134 2812 2166 2858 ii
2202 2811 2375 2865 sciunt,

327 2885 443 2918 vere
471 2872 655 2918 nullum
685 2873 932 2920 hominum
960 2886 1113 2935 genus
1144 2873 1351 2920 tantoin
1381 2874 1566 2921 honore
1592 2873 1719 2935 apud
1742 2874 1896 2939 Reges
1921 2888 2063 2938 atque
2091 2873 2376 2924 ‘Tetrarchae

327 2934 451 2990 esse,
477 2948 667 2997 quanto
695 2936 906 2997 Jesuitas
932 2967 945 2982 .
974 2932 1029 2984 Id
1061 2951 1155 3000 ego
1184 2936 1437 2986 adfirmare
1474 2952 1572 2986 non
1606 2937 1832 2986 auderem
1863 2969 1880 2995 ‚
1911 2939 1993 2987 nisi
2030 2942 2100 2987 ita
2146 2940 2288 3001 plane
2329 2936 2376 2985 se

327 3013 429 3048 rem
464 3001 637 3048 habere
660 3030 677 3055 ‚
704 3002 752 3046 in
779 3001 986 3057 itinere,
1015 3003 1149 3064 quod
1175 3018 1259 3065 per
1284 3003 1525 3063 Europam
1555 3003 1684 3052 haud
1712 3003 1782 3050 ita
1811 3004 2029 3064 pridem,
2055 3006 2203 3053 animi
2233 3000 2376 3050 causa

327 3065 757 3127 cognoscendique
787 3065 971 3121 studio,
999 3066 1176 3123 habui,
1201 3067 1475 3131 cognoffem
1503 3080 1653 3131 atque
1683 3067 1905 3116 senfiffem
1924 3099 1939 3116 .
1968 3070 2083 3127 Quo
2114 3071 2164 3116 in
2200 3068 2375 3115 itinere

327 3143 438 3177 cum
470 3131 564 3176 alia
606 3130 934 3191 multa,quae
963 3132 1224 3180 meminisse
1259 3147 1356 3179 non
1393 3131 1574 3180 nollem
1593 3162 1609 3189 ,
1640 3145 1740 3180 tum
1766 3135 1985 3181 homines
2009 3147 2068 3179 ex
2109 3134 2195 3180 hac
2213 3131 2376 3180 Socie-

331 3203 471 3249 tate‚
501 3209 708 3256 quorum
743 3208 892 3256 opera
920 3193 1112 3243 adfidua
1141 3196 1369 3257 fidelique
1396 3211 1564 3245 omnes
1595 3197 1695 3245 fere
1719 3198 1940 3259 Europae
1969 3199 2270 3260 Reges-atque
2288 3196 2378 3243 ‘Te-

330 3259 550 3307 warchi-‚2
585 3259 789 3308 multum
821 3271 1059 3316 utuntur,
1081 3260 1127 3308 in
1158 3258 1486 3323 ephemeridas
1510 3262 1793 3325 diligentius
1807 3259 2128 3322 curiosiusque
2149 3276 2274 3308 meas
2303 3275 2377 3307 re-

336 3323 465 3373 tuli·
500 3328 625 3377 Sane
663 3326 866 3376 miratus
895 3322 1024 3383 sum,
1051 3335 1240 3378 tantam
1273 3341 1550 3378 animorum
1591 3326 2001 3392 conspirationem
2047 3327 2103 3375 in‘
2136 3321 2375 3437 maggifa·

1383 3394 1434 3442 D
1466 3406 1498 3444 2
2136 3394 2243 3442 cien
2278 3404 2311 3437 o
