2654 4085
1229 357 1493 461 (15)

329 518 490 566 Cottii
525 515 676 564 scurra
705 510 1005 574 nequissimus
1040 511 1418 560 calumniaretur
1433 527 1458 569 ,-
1483 522 1632 573 quum
1661 505 1909 556 hominum
1927 507 2142 560 doeh-ina
2170 506 2225 559 81
2245 508 2351 558 san-3

329 580 467 630 &itas
498 593 592 630 non
619 577 924 625 Florentinos
960 577 1103 624 modo
1137 577 1299 632 testes,
1343 575 1418 635 sed
1456 572 1704 622 universos
1729 570 1956 620 mortales
1985 573 2215 622 haberet?
2260 586 2344 621 ne-

328 659 424 710 que
459 641 617 692 tamen
647 641 914 688 existimare
944 640 1020 696 se,
1047 640 1303 689 Cesellium
1331 641 1528 701 impune
1565 637 1992 698 intemperantiam
2044 637 2173 684 suam
2223 635 2349 705 ferre

328 708 622 765 convenire5
653 706 816 752 verum
858 707 940 754 has
972 706 1060 753 effe
1087 720 1182 752 non
1212 707 1467 769 Scriptoris
1500 714 1691 765 partes»,
1724 700 1799 748 sed
1835 701 2099 750 Praetoris:
2136 713 2260 762 quae
2279 714 2352 755 iu-

326 787 378 821 ιε
402 769 566 826 civili,
597 783 722 832 quae
749 769 985 817 Caesareo
1006 799 1021 825 ‚
1049 784 1173 832 quae
1213 770 1469 818 Pontificio
1507 780 1678 817 contra
1714 763 2002 813 famosorum
2047 763 2354 812 libellorum..

325 833 540 883 auflores
571 847 720 896 atque
748 835 958 881 editores
989 837 1163 882 statuta
1194 850 1249 883 ac
1279 834 1435 883 sanc‘la
1471 834 1616 880 effent
1637 862 1652 886 ‚
1687 846 1742 878 ea
1787 830 1831 877 se
1862 841 2031 891 putare
2078 827 2356 877 Florentiae

324 912 422 948 non
450 897 540 950 effe
577 899 842 959 abrogata:
881 913 977 944 non
1011 899 1164 944 secum
1199 913 1459 961 propterea
1508 897 1716 947 Cesellio
1747 895 1872 953 effe,
1903 893 1979 942 sed
2013 907 2121 942 cum
2149 891 2360 954 legibus,

324 977 432 1014 cum
460 960 678 1018 iudiciis,
712 977 819 1009 cum
851 962 1199 1024 magistratibus
1226 968 1500 1025 agencium.

453 1028 541 1075 His
577 1027 658 1074 ille
682 1027 827 1074 causis
853 1039 1002 1089 atque
1038 1029 1336 1090 argumentis
1363 1026 1591 1075 adrianus
1625 1039 1718 1072 non
1755 1025 1901 1071 modo
1941 1020 2060 1071 nihil
2100 1018 2357 1083 responde-

320 1106 375 1141 te
403 1092 749 1148 constituerat,
773 1094 821 1140 in
851 1106 1009 1154 eoque
1041 1093 1123 1139 diu
1153 1093 1518 1153 perseveravit,
1562 1090 1636 1136 sed
1665 1091 1937 1137 orationem
1981 1090 2127 1134 etiam
2176 1087 2355 1133 amico-

322 1171 427 1204 rum
453 1157 513 1199 de
544 1156 845 1212 responsione
868 1159 1131 1217 aliquando
1160 1172 1267 1205 cum
1298 1156 1401 1219 ipso
1429 1169 1678 1219 agentium
1731 1155 2045 1217 repudiabat·
2090 1152 2195 1199 Nos
2238 1164 2355 1198 vero

324 1232 458 1266 novo
489 1218 616 1262 tanti
644 1217 829 1278 ingenii
862 1231 919 1262 ac
947 1223 1125 1266 recenti
1158 1235 1476 1271 monumento
1503 1235 1800 1275 careremu5‚
1827 1218 1906 1266 nisi
1927 1221 2089 1266 summi
2124 1217 2213 1263 viri
2239 1244 2255 1270 ‚
2300 1212 2359 1263 ὅ(

324 1283 636 1330 humanarum
684 1282 1058 1344 divinarumque
1100 1298 1254 1332 rerum
1297 1285 1623 1334 consultissimi
1658 1314 1674 1338 ‚
1714 1296 1991 1344 opportune
2034 1278 2358 1328 intercessisset

324 1340 616 1390 aufloritas:
646 1359 672 1388 a
701 1360 800 1402 quo
834 1346 966 1391 Lucii
1003 1361 1131 1393 mens
1157 1363 1305 1408 atque
1332 1349 1576 1397 consilium
1613 1361 1772 1394 totum
1799 1348 1917 1393 iilud
1947 1347 2006 1391 de
2034 1357 2127 1388 non
2155 1354 2359 1402 respon-

321 1403 481 1451 dendo
517 1413 716 1461 repente
741 1403 804 1446 est
838 1405 1181 1447 immutatum.
1213 1408 1388 1458 lnjeeta
1426 1417 1488 1448 eit
1524 1414 1592 1448 iiii
1621 1414 1681 1449 ab
1712 1413 1904 1451 homine
1938 1409 2141 1465 religio,
2180 1421 2275 1460 ne,
2321 1402 2354 1451 fi

317 1468 496 1528 probos
526 1477 677 1526 atque
710 1465 994 1510 innocentes
1035 1467 1198 1520 virm,
1235 1466 1406 1527 quibus
1432 1463 1484 1511 ὅ(
1526 1465 1661 1523 ipsius
1709 1466 1942 1512 sermones
1971 1465 2025 1513 <Sc
2075 1481 2352 1519 certorum..

319 1532 617 1578 eruditorum
653 1528 951 1577 contumelia
990 1542 1141 1591 atque
1179 1528 1371 1585 inrisio,
1417 1528 1628 1576 Ceseiiio
1673 1530 1942 1576 calumniae
1994 1541 2143 1591 atque
2187 1533 2354 1579 turba-

317 1610 420 1643 rum
450 1595 700 1656 principe,
733 1593 1149 1649 adscriberentur,
1202 1595 1383 1641 diutius
1424 1595 1512 1641 hac
1562 1604 1808 1655 tamquam
1861 1594 2075 1641 invidiae
2119 1593 2354 1643 flamma...

317 1660 618 1721 conflagrare
642 1659 848 1715 fineret5
882 1658 1051 1705 scelere
1086 1659 1129 1706 se
1153 1658 1426 1721 graviffiil‘io
1456 1659 1794 1720 obstringeret:
1827 1659 1924 1707 duo
1943 1669 2199 1720 propterea
2215 1674 2354 1720 prae·-

318 1724 437 1774 ssare
464 1725 600 1770 illuni
624 1753 640 1779 ,
672 1723 815 1784 idque
848 1729 1200 1784 quamprimum
1220 1754 1236 1779 ‚
1264 1727 1342 1770 niii'
1376 1723 1582 1770 scelestus
1612 1725 1702 1770 else
1730 1723 1908 1780 vellet,
1962 1736 2225 1785 oportere,·
2251 1725 2352 1784 pri-

317 1803 480 1843 mum,
513 1800 564 1834 ut
595 1787 830 1833 sermones
862 1787 968 1833 illos
1002 1796 1104 1833 iuos
1135 1792 1195 1834 ab
1227 1787 1470 1849 subpositis
1494 1786 1766 1835 autfioribus
1803 1789 2126 1844 abjudicaret:
2176 1787 2352 1835 deinde

317 1856 339 1917 (
375 1866 665 1915 quamquam
695 1851 905 1914 ‚alterum
941 1853 1031 1897 noc
1082 1853 1142 1899 ab
1171 1856 1329 1913 priore
1372 1853 1455 1897 iilo
1489 1854 1884 1914 consequutionis
1912 1854 2118 1914 quadam
2164 1850 2352 1900 necess-

321 1931 425 1963 tate
469 1916 727 1976 penderet:
766 1917 921 1963 omnis
950 1920 1074 1961 enini
1112 1919 1294 1963 invidia
1320 1932 1375 1962 ac
1404 1918 1679 1962 criminatio
1709 1933 1762 1962 ex
1793 1914 1907 1964 falsa
1952 1915 2249 1978 persuasione
2292 1916 2351 1963 il·-

319 1981 395 2036 la,
427 1994 674 2041 tamquam
704 1995 731 2024 e
766 1977 932 2033 fonte,
971 1994 1188 2026 manarat
1222 1985 1240 2042 )
1277 1981 1352 2027 sed
1382 1992 1541 2026 tamen
1583 1993 1634 2026 ut
1671 1980 1892 2041 publice,
1932 1996 2086 2042 neque
2148 1979 2347 2027 solidam

318 2047 704 2097 Litteraturam,
736 2046 809 2089 cui
854 2044 1103 2104 impensius
1128 2075 1141 2101 ,
1163 2045 1188 2091 si
1235 2047 1484 2108 quisquam
1513 2046 1662 2100 alius,
1688 2045 1886 2093 studeret
1906 2076 1922 2101 ,
1951 2060 2104 2108 neque
2143 2046 2357 2093 Littera-

318 2122 395 2156 τος
438 2108 558 2155 ullos
578 2138 594 2163 ,
621 2123 741 2169 quos
771 2109 1078 2154 vehementer
1099 2139 1115 2162 ‚
1160 2125 1449 2171 quamquam
1481 2108 1561 2155 sibi
1591 2110 1816 2172 ignotos,
1846 2110 2133 2171 suspiceret,
2175 2108 2348 2159 fuisse)

315 2187 542 2234 umquam
579 2173 656 2218 {ibi
683 2173 741 2218 ad
771 2173 1072 2219 inridendum
1100 2176 1364 2234 prop-ositos
1385 2205 1399 2230 s
1433 2175 1929 2238 testaretur-:denique
1958 2173 2310 2222 concludebant
2332 2201 2352 2231 ,

316 2238 521 2298 potuifl'e
550 2237 683 2282 illum
722 2237 915 2298 quidem
956 2237 1016 2283 ab
1047 2239 1302 2285 scribendis
1346 2239 1637 2299 edendisque
1687 2240 2004 2301 superioribus
2057 2238 2351 2286 sermonibus

314 2304 476 2362 primo
502 2300 732 2346 abstinere
765 2317 778 2358 3
808 2317 931 2347 nunc
964 2317 1110 2358 vero,
1140 2307 1367 2364 quoniam
1394 2315 1470 2350 tot
1503 2301 1812 2352 offensionum
1835 2305 2124 2352 occasionem
2146 2332 2162 2358 ‚
2187 2304 2351 2351 obtre-

314 2364 678 2424 ‹Slationumque
708 2365 926 2421 causam,
960 2366 1071 2413 licet
1106 2368 1378 2428 imprudens
1403 2380 1549 2428 atque
1580 2370 1700 2415 adeo
1730 2368 2230 2430 invitu3,praebuiffet
2252 2395 2268 2422 ‚
2288 2367 2354 2415 ab

314 2441 446 2473 novo
474 2426 639 2488 aliquo·
669 2423 884 2474 sermone
915 2431 1162 2488 scribendo
1191 2433 1509 2494 alendoque,
1539 2431 1629 2479 sine
1677 2433 1883 2490 scelere,
1918 2447 2070 2496 atque
2115 2435 2347 2479 innocen-

316 2493 435 2538 tium
472 2492 681 2538 maximo
710 2490 887 2539 damno
924 2493 1221 2555 supersedere
1251 2510 1344 2543 non
1383 2496 1542 2557 posse,
2038 2516 2056 2525 “

444 2555 578 2601 Haec
606 2570 752 2616 quum
782 2556 862 2603 ille
897 2558 1127 2606 veriflime
1153 2560 1277 2608 dieta
1307 2562 1634 2622 inteiligeret‚
1664 2563 1779 2610 nihil
1823 2563 2070 2612 cuneiatus
2101 2563 2345 2612 animum„

316 2615 701 2691 adscribendum
734 2621 1009 2681 adplicuit,
1044 2625 1276 2687 brevique
1305 2629 1528 2688 quintum
1557 2625 1681 2675 hunc
1704 2657 1719 2683 ,
1747 2644 1887 2691 quem
1924 2631 2011 2676 tibi
2061 2644 2168 2677 cum
2209 2642 2347 2676 enar-

319 2685 589 2729 rationibus
618 2684 780 2732 nostris
806 2715 821 2741 ,
854 2691 1007 2735 amice
1039 2688 1237 2745 Lenos,
1273 2689 1533 2737 obferimus
1553 2720 1568 2744 ,
1599 2689 1860 2741 sermonem
1896 2692 2104 2742 absolvit
2128 2725 2142 2737 .
2171 2694 2348 2755 Neque

319 2754 479 2818 tamen
506 2746 676 2793 dubito
706 2746 808 2797 fore
839 2753 1128 2809 nonnullos,
1160 2757 1270 2816 qui,
1302 2771 1447 2817 quum
1486 2754 1528 2801 se
1558 2768 1655 2802 tam
1693 2762 1897 2820 turpiter
1926 2760 1972 2805 in
2002 2759 2090 2807 suis
2123 2760 2349 2820 suspicio·

317 2810 454 2856 nibus
498 2810 760 2870 decoeptos
799 2813 1059 2876 senserint3
1091 2820 1527 2882 meminerintque,
1561 2835 1703 2881 quam
1736 2838 1830 2870 non
1868 2825 2072 2872 humane
2105 2838 2211 2872 cum
2257 2821 2347 2867 ser-

312 2885 507 2947 ΠῚΟΠΩΨ
535 2902 552 2928 ⁵
584 2887 702 2934 quos
735 2890 915 2927 temere
944 2882 1023 2929 sibi
1054 2883 1132 2943 ipfi
1163 2884 1435 2940 finxerant,
1468 2884 1736 2935 audioribus
1764 2893 1984 2951 egerint.-
2023 2903 2166 2952 aegre
2189 2886 2346 2933 ferant

319 2946 643 3012 temeritatem
680 2954 826 3013 atque
867 2946 1241 3009 incogitantiam
1277 2949 1404 2997 suam
1435 2962 1534 2996 tam
1578 2950 1823 3000 manifesto
1852 2956 2078 3015 coargui.
2106 2954 2192 3000 Sed
2228 2950 2343 2997 effer

318 2998 533 3070 profeeio
567 3006 902 3064 iniqulffimum
931 3011 1083 3059 {inere
1108 3014 1439 3062 innocentiam
1468 3014 1706 3076 obprimi,
1731 3032 1789 3064 ne
1815 3020 2051 3066 calumnIa
2067 3019 2341 3080 detegatur,

319 3059 374 3110 ὅ(
402 3079 628 3123 maiorem
654 3068 1054 3125 calumniatorum
1072 3106 1090 3136 ,
1119 3093 1262 3141 quatu
1294 3081 1624 3131 innocentium
1653 3084 1892 3132 rationem
1918 3083 2121 3130 haberi·

759 3424 780 3436 '‘
794 3431 813 3439 *
853 3441 866 3447 -
1548 3402 1552 3404 ’
2132 3414 2188 3465 1..
2220 3409 2312 3477 Sliq
