2654 4085
361 350 464 418 '22
966 331 1487 412 SERMO

255 491 485 542 Latinum
512 491 639 540 hunc
673 500 834 539 vatem
880 490 991 538 Itali
1024 488 1215 538 Cesellii
1245 492 1499 539 rationem
1529 486 1776 537 imitatum
1814 487 2161 555 conqueritur,
2204 492 2290 557 qui

254 555 457 604 Seeiano
488 559 636 606 iratus
673 558 720 604 in
749 557 1005 604 Societatis
1034 553 1146 618 Jesu
1179 556 1451 608 universum
1481 555 1719 606 Ordinem
1748 555 1869 605 iram
1908 570 1967 607 ac
2002 558 2132 608 virus
2174 570 2296 609 evo-

256 622 467 670 muerit.
497 623 630 685 Qid
664 622 776 673 illa?

518 719 535 738 .
572 716 784 735 .....
811 713 827 732 .
862 716 876 735 .
910 689 958 734 Y
953 703 982 732 u
1010 685 1131 733 bella
1170 699 1353 735 movere

516 754 568 802 T
564 765 606 799 ot
642 752 863 799 Patribus·
881 751 1050 807 simul,
1081 751 1132 798 (θ’
1159 763 1333 799 tantum
1367 746 1572 801 inritare
1601 753 1819 803 Senatum

518 819 612 864 Ntl
641 816 839 865 metuts?
862 829 955 863 toto
986 832 1065 861 nec
1090 828 1273 881 corpore
1311 816 1660 873 contremursti?

519 883 623 930 Nec
648 896 766 927 coma
799 877 1045 942 dtriguit?
1079 908 1294 929 ·····
1329 895 1455 944 quom
1479 881 1615 942 plena
1630 878 1819 944 furoris

516 946 737 1067 ἓαὶἔηὲηα
749 944 1007 1045 gustares,
1034 957 1102 993 tot
1126 943 1524 1007 ctrcumstantebus
1558 946 1659 997 illic

569 1029 589 1056 e
634 1029 650 1058 ι
683 1027 760 1062 usr²

320 1069 393 1117 En
427 1072 487 1119 est
517 1075 756 1134 apertiu5‚
782 1089 928 1136 quam
972 1086 1026 1123 ut
1055 1075 1442 1124 commonitione
1472 1087 1576 1121 mea
1627 1073 1883 1132 indigeat,
1925 1071 1986 1117 de
2027 1070 2296 1120 Carmine,

255 1148 399 1197 agere
433 1137 664 1193 Lucium,
695 1141 859 1204 quod,
897 1139 1060 1187 multis
1091 1139 1432 1191 audientibus,
1462 1147 1634 1181 contra
1693 1133 2035 1182 honestissimos
2083 1134 2299 1181 homines

252 1199 448 1257 publice
485 1202 740 1249 recitatum
770 1203 862 1248 est.
892 1204 1001 1262 Jam
1031 1204 1148 1249 haec
1188 1202 1387 1252 Etrusco
1420 1198 1488 1244 illi
1523 1197 1728 1245 Erudito
1764 1201 2031 1249 convenire
2064 1210 2161 1246 non
2187 1213 2300 1258 pos-

254 1259 302 1305 se
327 1260 631 1320 perspicuum
661 1263 753 1310 est.
794 1265 953 1319 Quem
981 1279 1099 1326 ergo
1137 1265 1360 1314 Sestanus
1402 1261 1617 1324 designat
1651 1264 1670 1312 ἓ
1705 1264 1836 1324 Quid
1868 1276 2007 1313 tanta
2039 1275 2148 1311 cum
2183 1274 2300 1308 con-

252 1324 497 1387 questione
525 1324 781 1385 deplorat?
812 1329 898 1376 Vel
950 1328 1140 1385 nescio,
1174 1330 1250 1377 vel
1287 1340 1420 1378 certe
1458 1329 1636 1375 nescire
1673 1330 1928 1375 existimari
1960 1326 2118 1382 malo,
2154 1339 2297 1387 quam

254 1404 353 1437 rem
396 1399 497 1435 tam
531 1388 761 1436 nefariam
806 1401 956 1450 atque
987 1393 1257 1440 inauditam
1287 1392 1519 1449 vulgare.
1560 1390 1795 1453 Equidem
1828 1406 2120 1454 quamquam
2150 1390 2300 1451 pluri-

252 1468 441 1503 morum,
476 1453 686 1508 litteris,
717 1464 864 1516 atque
892 1451 1014 1498 adeo
1048 1467 1238 1499 rumore
1277 1451 1379 1512 ipso
1418 1454 1479 1500 ad
1516 1467 1588 1497 me
1635 1456 1822 1512 perlata
1854 1454 1997 1503 fuerit
2023 1485 2038 1510 ‚
2089 1467 2289 1501 tamem,

253 1520 469 1567 nondum
505 1517 615 1564 satis
646 1516 887 1570 adducor,
921 1528 974 1562 ut
1001 1515 1255 1579 contigisse
1283 1531 1388 1562 eam
1425 1515 1615 1562 credam
1637 1546 1650 1565 .
1680 1519 1732 1564 In
1767 1520 1933 1565 eadem
1979 1519 2293 1565 dubitatIOne

255 1583 427 1642 reliqui
458 1582 616 1634 cives,
650 1581 776 1627 addo
822 1583 1001 1634 etiam,
1032 1582 1279 1627 universae
1315 1593 1489 1639 gentes
1524 1581 1797 1628 versantur:
1826 1598 1974 1643 usque
2000 1582 2122 1629 adeo
2138 1583 2296 1628 omni-

256 1647 343 1694 bus
379 1646 659 1691 incredibile
705 1646 926 1697 videtur,
971 1658 1056 1689 aut
1093 1645 1217 1689 tanti
1258 1644 1434 1704 flagitii
1474 1645 1827 1690 immanitatem
1855 1645 2065 1691 exsistere
2095 1660 2292 1706 usquam

253 1709 492 1772 potuisse,
512 1723 596 1758 aut
626 1723 721 1756 non
755 1709 822 1753 ita
845 1705 979 1755 fuiffe
1008 1708 1324 1760 vindicatam,
1358 1718 1411 1753 ut
1434 1707 1855 1755 animadversionis
1883 1709 2187 1756 severitatem
2211 1724 2296 1755 nos

254 1776 403 1820 etiam
432 1773 688 1834 longinqui
719 1772 1096 1821 exaudierimus·
1133 1771 1222 1820 Sed
1254 1772 1482 1817 nimirum
1513 1768 1653 1817 latini
1690 1772 1815 1819 illius
1857 1773 2080 1820 carminis
2126 1771 2294 1820 austo-

251 1852 353 1884 rem
384 1835 531 1882 talem
564 1835 617 1884 &
651 1837 739 1882 else
768 1835 821 1883 ἃ·
853 1837 1013 1882 haberi
1045 1836 1222 1890 audio,
1249 1847 1302 1882 ut
1336 1835 1542 1883 summae
1569 1834 1801 1884 stultitiae
1831 1838 2142 1887 excusatione
2168 1835 2286 1885 sum-

253 1916 356 1949 mas
386 1899 677 1948 summorum
711 1901 932 1947 scelerum
982 1916 1162 1960 poenas
1202 1900 1522 1960 deprecetur·

321 1964 390 2019 Vl.
426 1980 511 2028 77.
544 1966 608 2026 (l)
640 1967 726 2017 Sex
743 1964 945 2028 jungere
971 1966 1223 2016 dextram.
1253 1968 1299 2012 O
1328 1968 1494 2012 miram
1533 1966 1666 2013 Lucii
1698 1968 1999 2030 aequitatem
2034 1982 2089 2014 ac
2126 1966 2294 2014 mode«

254 2032 523 2079 rationem!
556 2031 744 2085 Nemo,
777 2026 967 2089 praeter
999 2033 1181 2091 ipsum,
1212 2042 1266 2077 ut
1310 2034 1521 2090 opinor,
1556 2033 1878 2090 reperiretur,
1915 2038 1996 2096 qui
2041 2047 2137 2079 non
2169 2031 2293 2080 illius

256 2092 659 2157 inquInatiffimae
689 2095 917 2150 dextrae,
947 2111 1071 2159 quae
1099 2095 1300 2145 scribere
1329 2108 1517 2142 tantum
1558 2094 1800 2158 flagitium
1835 2101 2032 2163 potuit,
2065 2095 2293 2146 contaeiu

254 2161 578 2207 contaminari
625 2160 750 2213 suam
790 2161 1152 2221 inexpiabiliter
1198 2161 1518 2209 arbitraretur
1545 2189 1559 2204 .

323 2223 392 2277 W.
429 2224 507 2270 80.
546 2228 710 2286 [ml‘Te
735 2244 786 2272 ne
804 2242 884 2288 ego
912 2226 1150 2288 pingebam
1167 2227 1316 2272 nolens
1342 2224 1603 2285 ?Adposite
1632 2225 1782 2272 nolens
1798 2225 1922 2274 dixit
1941 2226 2291 2274 Poeta-Nam-

255 2304 350 2351 que
377 2290 504 2339 aliud
534 2290 623 2343 est,
648 2291 807 2352 aliqua
833 2292 954 2336 vitia
984 2306 1038 2337 ex
1074 2292 1296 2352 ii5,quae
1329 2305 1354 2335 a
1381 2292 1599 2347 Satyrico
1621 2292 2067 2350 reprehenduntur,
2095 2291 2154 2338 ad
2185 2305 2289 2336 cer-

257 2367 333 2399 tos
361 2353 590 2414 quosdam
631 2358 901 2413 pertinere³
942 2355 1072 2406 aliud
1103 2353 1298 2402 voluisse
1341 2356 1606 2414 Satyricum
1647 2355 1835 2402 eosdem
1866 2356 1973 2402 illos
2018 2356 2287 2402 describere

258 2433 313 2464 ac
348 2416 621 2478 designare.
655 2419 772 2465 Illud
801 2421 993 2482 quidem
1025 2418 1170 2482 usque
1200 2420 1319 2465 adeo
1347 2435 1372 2464 a
1405 2418 1592 2476 satyrae
1627 2419 1700 2465 vel
1745 2418 2085 2469 honestiflimae
2140 2419 2290 2464 rario-

259 2497 322 2528 ne
342 2494 496 2543 atque
523 2482 684 2529 indole
715 2498 807 2529 non
836 2485 1091 2538 abhorret,
1122 2497 1204 2538 ut,
1246 2483 1324 2530 nisi
1357 2485 1476 2530 vitia
1505 2483 1633 2543 ipsa,
1675 2497 1799 2543 quae
1835 2485 1941 2530 sunt
1971 2488 2016 2531 in
2043 2485 2290 2530 hominum

260 2548 369 2593 vita
404 2561 458 2592 ac
489 2547 733 2600 moribus,
768 2549 1263 2607 reprehenderentur,
1291 2562 1386 2594 non
1423 2546 1646 2606 sapientis
1686 2548 1892 2593 hominis
1938 2551 2172 2610 vitiisque
2220 2548 2293 2592 in-

261 2609 360 2659 festi
388 2626 578 2658 carmen
609 2612 758 2666 illud,
785 2612 858 2657 sed
897 2613 1047 2672 inepti
1082 2613 1419 2660 declamatoris
1449 2612 1732 2658 haberetur.
1768 2612 1913 2668 Quod
1949 2614 2075 2661 idem
2112 2615 2160 2658 in
2193 2612 2293 2658 Co·

256 2676 460 2724 moediis
491 2676 604 2722 licet
638 2676 1105 2723 animadvertamus:
1139 2693 1262 2738 quae
1291 2678 1368 2724 nili
1399 2677 1445 2723 in
1481 2677 1698 2722 humanis
1730 2677 1899 2732 rebuS,
1931 2691 2079 2742 atque
2112 2676 2160 2722 in
2193 2690 2292 2720 me·

260 2741 341 2787 dia
372 2742 619 2790 hominum
650 2743 752 2789 vita
781 2756 837 2787 ac
870 2741 1081 2788 moribus.
1112 2743 1448 2795 versarentur,
1474 2742 1675 2786 omnino
1707 2757 1784 2787 eas
1819 2742 2137 2802 repudiandas
2178 2753 2289 2788 cen-

262 2809 491 2855 seremus.
525 2806 592 2850 1⁴.st
623 2807 773 2868 igitur
800 2807 1002 2864 Satyrici
1030 2820 1125 2853 non
1160 2806 1422 2866 culpa,sed
1451 2806 1550 2853 laus
1571 2835 1583 2859 ,
1610 2820 1664 2852 ea
1693 2807 1739 2852 in
1774 2807 2003 2855 vitiorum
2032 2807 2289 2869 reprehen-

259 2872 387 2919 fione
416 2886 822 2926 commemorare,
853 2886 975 2932 quae
1019 2885 1113 2916 non
1144 2887 1170 2916 a
1201 2871 1480 2917 vitiosorum
1516 2871 1725 2918 moribus
1771 2873 2064 2919 abhorreant
2085 2901 2100 2926 ‚
2142 2883 2291 2933 quae·

262 2952 356 2998 que
382 2947 636 2996 propterea
669 2936 714 2980 in
747 2936 944 2982 vitiosos
970 2935 1157 2997 aliquos
1189 2937 1397 2983 cadant.
1433 2937 1601 2996 ltaque
1657 2935 1790 2983 irasci
1842 2937 1975 2984 vitiis
2021 2935 2146 2992 suIS,
2191 2946 2287 2981 non

263 3013 423 3047 autem
452 3001 703 3057 Satyrico,
730 3002 990 3055 convenit,
1019 3000 1045 3047 si
1072 3003 1174 3061 quis
1206 3002 1252 3047 in
1281 3001 1459 3057 Satyris
1488 3000 1607 3047 vitia
1650 2999 1727 3047 sua
1756 3012 2002 3064 tamquam
2035 3003 2084 3049 in
2125 3001 2285 3061 specu-

265 3065 313 3111 lo
343 3068 586 3110 intuetur:
618 3080 770 3124 neque
809 3066 868 3111 ab
902 3066 1176 3123 Satyrarum
1208 3066 1450 3127 Scriptore
1481 3065 1541 3111 est
1596 3064 1928 3125 postulandum
1953 3098 1969 3122 ,
2023 3078 2074 3113 ut
2113 3074 2284 3112 contra

263 3141 415 3175 artem
451 3129 575 3175 suam
606 3145 660 3176 ac
704 3129 1032 3190 professionem
1069 3145 1268 3190 peccet,
1300 3145 1357 3177 ne
1387 3131 1492 3192 quis
1525 3129 1603 3175 sua
1636 3143 1835 3190 peccata
1887 3131 2088 3180 describi
2134 3124 2285 3173 mole-

275 3194 336 3239 ile
373 3191 524 3238 ferat.
563 3195 758 3242 Solebat
790 3194 980 3256 insignis
1007 3193 1117 3248 ille,
1164 3196 1385 3256 idemque
1419 3195 1675 3240 acerrimus
1699 3196 1824 3257 apud
1859 3196 2166 3245 Florentinos
2187 3190 2287 3235 sae-

260 3258 371 3305 culo
400 3273 478 3307 xre
509 3273 715 3308 exeunte
743 3262 1076 3308 Concionator
1104 3261 1423 3319 Hieronymus
1450 3261 1775 3315 Savonarola,
1820 3261 2016 3307 similem
2062 3259 2121 3365 se(J
2139 3268 2284 3327 gran-

2117 3334 2221 3366 .;l“.·lS
