<?xml version="1.0" encoding="UTF-8"?>
<!DOCTYPE html PUBLIC "-//W3C//DTD XHTML 1.0 Transitional//EN"
    "http://www.w3.org/TR/xhtml1/DTD/xhtml1-transitional.dtd">
<html xmlns="http://www.w3.org/1999/xhtml" xml:lang="en" lang="en">
 <head>
  <title>
</title>
<meta http-equiv="Content-Type" content="text/html;charset=utf-8" />
  <meta name='ocr-system' content='tesseract 3.04.00' />
  <meta name='ocr-capabilities' content='ocr_page ocr_carea ocr_par ocr_line ocrx_word'/>
</head>
<body>
  <div class='ocr_page' id='page_1' title='image "./lsectaniqfilpseu00corduoft_0056.png"; bbox 0 0 2654 4085; ppageno 0'>
   <div class='ocr_carea' id='block_1_1' title="bbox 347 291 1561 390">
    <p class='ocr_par' dir='ltr' id='par_1_1' title="bbox 347 291 1561 390">
     <span class='ocr_line' id='line_1_1' title="bbox 347 291 1561 390; baseline -0.016 -1"><span class='ocrx_word' id='word_1_1' title='bbox 347 314 444 390; x_wconf 80' lang='lat'>34</span> <span class='ocrx_word' id='word_1_2' title='bbox 986 291 1561 373; x_wconf 87' lang='lat' dir='ltr'>SERMO</span> 
     </span>
    </p>
   </div>
   <div class='ocr_carea' id='block_1_2' title="bbox 229 446 2294 3230">
    <p class='ocr_par' dir='ltr' id='par_1_2' title="bbox 229 446 2293 838">
     <span class='ocr_line' id='line_1_2' title="bbox 360 446 2278 524; baseline 0.004 -29"><span class='ocrx_word' id='word_1_3' title='bbox 360 449 450 524; x_wconf 64' lang='lat' dir='ltr'>Ji(-</span> <span class='ocrx_word' id='word_1_4' title='bbox 486 446 794 499; x_wconf 82' lang='lat' dir='ltr'><strong>Momentum</strong></span> <span class='ocrx_word' id='word_1_5' title='bbox 825 447 989 500; x_wconf 87' lang='lat' dir='ltr'>sceleri</span> <span class='ocrx_word' id='word_1_6' title='bbox 1016 452 1184 516; x_wconf 88' lang='lat' dir='ltr'>ingens</span> <span class='ocrx_word' id='word_1_7' title='bbox 1217 450 1413 502; x_wconf 89' lang='lat' dir='ltr'>adcedit</span> <span class='ocrx_word' id='word_1_8' title='bbox 1444 466 1504 501; x_wconf 86' lang='lat' dir='ltr'>ex</span> <span class='ocrx_word' id='word_1_9' title='bbox 1541 466 1603 501; x_wconf 94' lang='lat' dir='ltr'>eo</span> <span class='ocrx_word' id='word_1_10' title='bbox 1628 479 1645 510; x_wconf 87' lang='lat'>‚</span> <span class='ocrx_word' id='word_1_11' title='bbox 1671 450 1805 517; x_wconf 82' lang='lat' dir='ltr'>quod</span> <span class='ocrx_word' id='word_1_12' title='bbox 1838 465 1938 505; x_wconf 85' lang='lat' dir='ltr'>non</span> <span class='ocrx_word' id='word_1_13' title='bbox 1979 450 2125 503; x_wconf 67' lang='lat' dir='ltr'>modo</span> <span class='ocrx_word' id='word_1_14' title='bbox 2152 452 2278 514; x_wconf 75' lang='lat' dir='ltr'>Caio</span> 
     </span>
     <span class='ocr_line' id='line_1_3' title="bbox 232 512 2289 575; baseline 0.003 -15"><span class='ocrx_word' id='word_1_15' title='bbox 232 526 290 560; x_wconf 88' lang='lat' dir='ltr'>ac</span> <span class='ocrx_word' id='word_1_16' title='bbox 314 512 450 563; x_wconf 79' lang='lat' dir='ltr'>Titio</span> <span class='ocrx_word' id='word_1_17' title='bbox 477 515 802 564; x_wconf 85' lang='lat' dir='ltr'>Conviciator</span> <span class='ocrx_word' id='word_1_18' title='bbox 822 546 837 573; x_wconf 89' lang='lat'>,</span> <span class='ocrx_word' id='word_1_19' title='bbox 859 517 936 566; x_wconf 89' lang='lat' dir='ltr'>sed</span> <span class='ocrx_word' id='word_1_20' title='bbox 961 519 1186 566; x_wconf 87' lang='lat' dir='ltr'>universo</span> <span class='ocrx_word' id='word_1_21' title='bbox 1217 522 1365 567; x_wconf 87' lang='lat' dir='ltr'>etiam</span> <span class='ocrx_word' id='word_1_22' title='bbox 1396 519 1648 567; x_wconf 89' lang='lat' dir='ltr'>hominum</span> <span class='ocrx_word' id='word_1_23' title='bbox 1678 517 2098 569; x_wconf 80' lang='lat' dir='ltr'>honestissimorum</span> <span class='ocrx_word' id='word_1_24' title='bbox 2118 522 2289 575; x_wconf 84' lang='lat' dir='ltr'>,Deo-</span> 
     </span>
     <span class='ocr_line' id='line_1_4' title="bbox 229 580 2293 649; baseline 0.004 -23"><span class='ocrx_word' id='word_1_25' title='bbox 229 592 326 641; x_wconf 90' lang='lat' dir='ltr'>que</span> <span class='ocrx_word' id='word_1_26' title='bbox 361 580 613 628; x_wconf 80' lang='lat' dir='ltr'>Sacrorum</span> <span class='ocrx_word' id='word_1_27' title='bbox 653 582 830 629; x_wconf 89' lang='lat' dir='ltr'>Coetui</span> <span class='ocrx_word' id='word_1_28' title='bbox 878 585 1268 645; x_wconf 87' lang='lat' dir='ltr'>intemperanter</span> <span class='ocrx_word' id='word_1_29' title='bbox 1314 584 1626 631; x_wconf 85' lang='lat' dir='ltr'>maledixerit</span> <span class='ocrx_word' id='word_1_30' title='bbox 1653 614 1668 630; x_wconf 85' lang='lat'><strong>·</strong></span> <span class='ocrx_word' id='word_1_31' title='bbox 1710 583 1825 649; x_wconf 83' lang='lat' dir='ltr'>Qo</span> <span class='ocrx_word' id='word_1_32' title='bbox 1863 586 1990 634; x_wconf 88' lang='lat' dir='ltr'>enim</span> <span class='ocrx_word' id='word_1_33' title='bbox 2034 581 2185 642; x_wconf 82' lang='lat' dir='ltr'>major</span> <span class='ocrx_word' id='word_1_34' title='bbox 2221 584 2293 634; x_wconf 87' lang='lat' dir='ltr'>est</span> 
     </span>
     <span class='ocr_line' id='line_1_5' title="bbox 229 644 2287 714; baseline 0.003 -24"><span class='ocrx_word' id='word_1_35' title='bbox 229 644 434 693; x_wconf 79' lang='lat' dir='ltr'>universi</span> <span class='ocrx_word' id='word_1_36' title='bbox 464 645 697 702; x_wconf 79' lang='lat' dir='ltr'>OrdiniS‚</span> <span class='ocrx_word' id='word_1_37' title='bbox 726 648 871 708; x_wconf 72' lang='lat' dir='ltr'>quam</span> <span class='ocrx_word' id='word_1_38' title='bbox 900 648 1195 712; x_wconf 77' lang='lat' dir='ltr'>singulorum</span> <span class='ocrx_word' id='word_1_39' title='bbox 1227 648 1480 696; x_wconf 84' lang='lat' dir='ltr'>hominum</span> <span class='ocrx_word' id='word_1_40' title='bbox 1515 649 1734 712; x_wconf 81' lang='lat' dir='ltr'>dignitas</span> <span class='ocrx_word' id='word_1_41' title='bbox 1769 646 1787 708; x_wconf 58' lang='lat'>,&#39;</span> <span class='ocrx_word' id='word_1_42' title='bbox 1840 647 1895 700; x_wconf 83' lang='lat'>&amp;</span> <span class='ocrx_word' id='word_1_43' title='bbox 1933 665 2031 714; x_wconf 90' lang='lat' dir='ltr'>quo</span> <span class='ocrx_word' id='word_1_44' title='bbox 2066 650 2287 711; x_wconf 66' lang='lat' dir='ltr'>pluribue</span> 
     </span>
     <span class='ocr_line' id='line_1_6' title="bbox 233 707 2292 782; baseline 0.003 -28"><span class='ocrx_word' id='word_1_45' title='bbox 233 707 393 781; x_wconf 81' lang='lat' dir='ltr'>bonae</span> <span class='ocrx_word' id='word_1_46' title='bbox 421 710 789 758; x_wconf 84' lang='lat' dir='ltr'>existimationis</span> <span class='ocrx_word' id='word_1_47' title='bbox 819 714 951 762; x_wconf 86' lang='lat' dir='ltr'>labes</span> <span class='ocrx_word' id='word_1_48' title='bbox 983 727 1135 777; x_wconf 88' lang='lat' dir='ltr'>atque</span> <span class='ocrx_word' id='word_1_49' title='bbox 1164 712 1346 772; x_wconf 63' lang='lat' dir='ltr'>jaciura</span> <span class='ocrx_word' id='word_1_50' title='bbox 1383 727 1700 776; x_wconf 88' lang='lat' dir='ltr'>comparatur</span> <span class='ocrx_word' id='word_1_51' title='bbox 1722 744 1741 774; x_wconf 83' lang='lat'><strong>,</strong></span> <span class='ocrx_word' id='word_1_52' title='bbox 1773 731 1833 766; x_wconf 87' lang='lat' dir='ltr'>eo</span> <span class='ocrx_word' id='word_1_53' title='bbox 1861 716 2059 782; x_wconf 82' lang='lat' dir='ltr'>gravius</span> <span class='ocrx_word' id='word_1_54' title='bbox 2079 713 2292 765; x_wconf 84' lang='lat' dir='ltr'>Maledi-</span> 
     </span>
     <span class='ocr_line' id='line_1_7' title="bbox 233 774 1157 838; baseline 0.006 -19"><span class='ocrx_word' id='word_1_55' title='bbox 233 786 309 830; x_wconf 78' lang='lat' dir='ltr'>ci,</span> <span class='ocrx_word' id='word_1_56' title='bbox 338 775 486 824; x_wconf 90' lang='lat' dir='ltr'>immo</span> <span class='ocrx_word' id='word_1_57' title='bbox 520 774 734 823; x_wconf 85' lang='lat' dir='ltr'>Malefici</span> <span class='ocrx_word' id='word_1_58' title='bbox 768 792 1027 838; x_wconf 81' lang='lat' dir='ltr'>peccatum</span> <span class='ocrx_word' id='word_1_59' title='bbox 1058 778 1120 825; x_wconf 89' lang='lat' dir='ltr'>est</span> <span class='ocrx_word' id='word_1_60' title='bbox 1141 809 1157 826; x_wconf 88' lang='lat'><strong>.</strong></span> 
     </span>
    </p>

    <p class='ocr_par' dir='ltr' id='par_1_3' title="bbox 233 841 2294 1607">
     <span class='ocr_line' id='line_1_8' title="bbox 272 841 2291 914; baseline 0.001 -26"><span class='ocrx_word' id='word_1_61' title='bbox 272 904 285 914; x_wconf 89' lang='lat'><strong><em>.</em></strong></span> <span class='ocrx_word' id='word_1_62' title='bbox 370 841 431 888; x_wconf 88' lang='lat' dir='ltr'>V.</span> <span class='ocrx_word' id='word_1_63' title='bbox 468 842 630 904; x_wconf 88' lang='lat' dir='ltr'>Atque</span> <span class='ocrx_word' id='word_1_64' title='bbox 669 843 786 887; x_wconf 85' lang='lat' dir='ltr'>haec</span> <span class='ocrx_word' id='word_1_65' title='bbox 820 844 1016 906; x_wconf 89' lang='lat' dir='ltr'>quidem</span> <span class='ocrx_word' id='word_1_66' title='bbox 1040 845 1207 891; x_wconf 90' lang='lat' dir='ltr'>omnia</span> <span class='ocrx_word' id='word_1_67' title='bbox 1243 843 1380 893; x_wconf 88' lang='lat' dir='ltr'>firma</span> <span class='ocrx_word' id='word_1_68' title='bbox 1408 843 1556 893; x_wconf 73' lang='lat' dir='ltr'>essent</span> <span class='ocrx_word' id='word_1_69' title='bbox 1586 859 1644 893; x_wconf 90' lang='lat' dir='ltr'>ac</span> <span class='ocrx_word' id='word_1_70' title='bbox 1675 858 1819 903; x_wconf 89' lang='lat' dir='ltr'>rata,</span> <span class='ocrx_word' id='word_1_71' title='bbox 1843 845 2028 893; x_wconf 88' lang='lat' dir='ltr'>etiamsi</span> <span class='ocrx_word' id='word_1_72' title='bbox 2067 847 2291 906; x_wconf 88' lang='lat' dir='ltr'>Sempro-</span> 
     </span>
     <span class='ocr_line' id='line_1_9' title="bbox 235 907 2291 979; baseline 0.002 -28"><span class='ocrx_word' id='word_1_73' title='bbox 235 918 344 979; x_wconf 77' lang='lat' dir='ltr'>mus</span> <span class='ocrx_word' id='word_1_74' title='bbox 375 920 486 954; x_wconf 89' lang='lat' dir='ltr'>vera</span> <span class='ocrx_word' id='word_1_75' title='bbox 516 908 775 956; x_wconf 85' lang='lat' dir='ltr'>dumtaxat</span> <span class='ocrx_word' id='word_1_76' title='bbox 804 910 852 955; x_wconf 91' lang='lat' dir='ltr'>in</span> <span class='ocrx_word' id='word_1_77' title='bbox 881 907 986 968; x_wconf 76' lang='lat' dir='ltr'>Caii</span> <span class='ocrx_word' id='word_1_78' title='bbox 1008 940 1025 966; x_wconf 89' lang='lat'>‚</span> <span class='ocrx_word' id='word_1_79' title='bbox 1055 911 1274 974; x_wconf 83' lang='lat' dir='ltr'>Titiique</span> <span class='ocrx_word' id='word_1_80' title='bbox 1301 941 1319 968; x_wconf 83' lang='lat'>‚</span> <span class='ocrx_word' id='word_1_81' title='bbox 1347 925 1616 973; x_wconf 89' lang='lat' dir='ltr'>eorumque</span> <span class='ocrx_word' id='word_1_82' title='bbox 1648 914 1837 960; x_wconf 90' lang='lat' dir='ltr'>Coetus</span> <span class='ocrx_word' id='word_1_83' title='bbox 1883 911 2135 959; x_wconf 84' lang='lat' dir='ltr'>infamiam</span> <span class='ocrx_word' id='word_1_84' title='bbox 2177 923 2291 971; x_wconf 88' lang='lat' dir='ltr'>pro-</span> 
     </span>
     <span class='ocr_line' id='line_1_10' title="bbox 233 970 2293 1039; baseline 0.002 -23"><span class='ocrx_word' id='word_1_85' title='bbox 233 970 415 1018; x_wconf 76' lang='lat' dir='ltr'>tulisset</span> <span class='ocrx_word' id='word_1_86' title='bbox 458 986 606 1036; x_wconf 86' lang='lat' dir='ltr'>atque</span> <span class='ocrx_word' id='word_1_87' title='bbox 654 973 891 1035; x_wconf 79' lang='lat' dir='ltr'>vulgasset</span> <span class='ocrx_word' id='word_1_88' title='bbox 926 992 939 1034; x_wconf 83' lang='lat'>3</span> <span class='ocrx_word' id='word_1_89' title='bbox 986 976 1062 1024; x_wconf 89' lang='lat' dir='ltr'>sed</span> <span class='ocrx_word' id='word_1_90' title='bbox 1110 975 1351 1039; x_wconf 88' lang='lat' dir='ltr'>plerisque</span> <span class='ocrx_word' id='word_1_91' title='bbox 1397 989 1560 1024; x_wconf 84' lang='lat' dir='ltr'>tamen</span> <span class='ocrx_word' id='word_1_92' title='bbox 1609 991 1696 1025; x_wconf 88' lang='lat' dir='ltr'>nec</span> <span class='ocrx_word' id='word_1_93' title='bbox 1736 988 1855 1024; x_wconf 88' lang='lat' dir='ltr'>nota</span> <span class='ocrx_word' id='word_1_94' title='bbox 1886 1006 1905 1034; x_wconf 84' lang='lat'>,</span> <span class='ocrx_word' id='word_1_95' title='bbox 1944 991 2033 1024; x_wconf 90' lang='lat' dir='ltr'>nec</span> <span class='ocrx_word' id='word_1_96' title='bbox 2072 976 2293 1023; x_wconf 84' lang='lat' dir='ltr'>credita.</span> 
     </span>
     <span class='ocr_line' id='line_1_11' title="bbox 233 1035 2292 1100; baseline 0 -16"><span class='ocrx_word' id='word_1_97' title='bbox 233 1035 401 1092; x_wconf 86' lang='lat' dir='ltr'>Qum</span> <span class='ocrx_word' id='word_1_98' title='bbox 432 1053 547 1086; x_wconf 85' lang='lat' dir='ltr'>vero</span> <span class='ocrx_word' id='word_1_99' title='bbox 583 1036 642 1085; x_wconf 91' lang='lat' dir='ltr'>ad</span> <span class='ocrx_word' id='word_1_100' title='bbox 678 1039 1070 1088; x_wconf 84' lang='lat' dir='ltr'>maledicentiam</span> <span class='ocrx_word' id='word_1_101' title='bbox 1105 1041 1349 1089; x_wconf 85' lang='lat' dir='ltr'>calumnia</span> <span class='ocrx_word' id='word_1_102' title='bbox 1391 1044 1541 1091; x_wconf 87' lang='lat' dir='ltr'>etiam</span> <span class='ocrx_word' id='word_1_103' title='bbox 1574 1042 1825 1095; x_wconf 85' lang='lat' dir='ltr'>adcesserit</span> <span class='ocrx_word' id='word_1_104' title='bbox 1851 1069 1869 1095; x_wconf 88' lang='lat'>,</span> <span class='ocrx_word' id='word_1_105' title='bbox 1907 1039 2128 1086; x_wconf 88' lang='lat' dir='ltr'>cumulus</span> <span class='ocrx_word' id='word_1_106' title='bbox 2165 1052 2292 1100; x_wconf 85' lang='lat' dir='ltr'>quo·-</span> 
     </span>
     <span class='ocr_line' id='line_1_12' title="bbox 233 1102 2294 1168; baseline 0.001 -21"><span class='ocrx_word' id='word_1_107' title='bbox 233 1114 331 1163; x_wconf 88' lang='lat' dir='ltr'>que</span> <span class='ocrx_word' id='word_1_108' title='bbox 363 1104 422 1150; x_wconf 90' lang='lat' dir='ltr'>ad</span> <span class='ocrx_word' id='word_1_109' title='bbox 450 1104 694 1165; x_wconf 84' lang='lat' dir='ltr'>flagitium</span> <span class='ocrx_word' id='word_1_110' title='bbox 723 1105 931 1153; x_wconf 86' lang='lat' dir='ltr'>adcedat</span> <span class='ocrx_word' id='word_1_111' title='bbox 960 1105 1140 1154; x_wconf 81' lang='lat' dir='ltr'>neceffe</span> <span class='ocrx_word' id='word_1_112' title='bbox 1168 1107 1230 1154; x_wconf 85' lang='lat' dir='ltr'>est</span> <span class='ocrx_word' id='word_1_113' title='bbox 1255 1136 1269 1152; x_wconf 87' lang='lat'><strong>.</strong></span> <span class='ocrx_word' id='word_1_114' title='bbox 1300 1108 1475 1168; x_wconf 87' lang='lat' dir='ltr'>Neque</span> <span class='ocrx_word' id='word_1_115' title='bbox 1507 1119 1674 1151; x_wconf 87' lang='lat' dir='ltr'>verum</span> <span class='ocrx_word' id='word_1_116' title='bbox 1709 1103 1804 1158; x_wconf 87' lang='lat' dir='ltr'>est,</span> <span class='ocrx_word' id='word_1_117' title='bbox 1835 1102 2080 1148; x_wconf 87' lang='lat' dir='ltr'>calumnia</span> <span class='ocrx_word' id='word_1_118' title='bbox 2107 1130 2126 1156; x_wconf 90' lang='lat'>‚</span> <span class='ocrx_word' id='word_1_119' title='bbox 2167 1113 2294 1149; x_wconf 86' lang='lat' dir='ltr'>tam·-</span> 
     </span>
     <span class='ocr_line' id='line_1_13' title="bbox 233 1163 2293 1228; baseline 0.001 -16"><span class='ocrx_word' id='word_1_120' title='bbox 233 1179 380 1228; x_wconf 90' lang='lat' dir='ltr'>quam</span> <span class='ocrx_word' id='word_1_121' title='bbox 411 1168 545 1223; x_wconf 88' lang='lat' dir='ltr'>telo,</span> <span class='ocrx_word' id='word_1_122' title='bbox 569 1169 640 1214; x_wconf 88' lang='lat' dir='ltr'>uti</span> <span class='ocrx_word' id='word_1_123' title='bbox 673 1166 734 1213; x_wconf 88' lang='lat' dir='ltr'>ad</span> <span class='ocrx_word' id='word_1_124' title='bbox 767 1169 831 1215; x_wconf 90' lang='lat' dir='ltr'>sui</span> <span class='ocrx_word' id='word_1_125' title='bbox 862 1169 1185 1219; x_wconf 72' lang='lat' dir='ltr'>defensionem</span> <span class='ocrx_word' id='word_1_126' title='bbox 1216 1171 1396 1217; x_wconf 86' lang='lat' dir='ltr'>licere.</span> <span class='ocrx_word' id='word_1_127' title='bbox 1427 1169 1584 1215; x_wconf 89' lang='lat' dir='ltr'>Licita</span> <span class='ocrx_word' id='word_1_128' title='bbox 1628 1168 1757 1214; x_wconf 87' lang='lat' dir='ltr'>enim</span> <span class='ocrx_word' id='word_1_129' title='bbox 1803 1164 2016 1215; x_wconf 79' lang='lat' dir='ltr'>defensio</span> <span class='ocrx_word' id='word_1_130' title='bbox 2065 1165 2150 1214; x_wconf 84' lang='lat' dir='ltr'>illa</span> <span class='ocrx_word' id='word_1_131' title='bbox 2194 1163 2293 1214; x_wconf 84' lang='lat' dir='ltr'>sola</span> 
     </span>
     <span class='ocr_line' id='line_1_14' title="bbox 234 1230 2290 1295; baseline -0 -17"><span class='ocrx_word' id='word_1_132' title='bbox 234 1231 300 1278; x_wconf 85' lang='lat' dir='ltr'>est</span> <span class='ocrx_word' id='word_1_133' title='bbox 322 1259 337 1285; x_wconf 88' lang='lat'>,</span> <span class='ocrx_word' id='word_1_134' title='bbox 366 1245 493 1292; x_wconf 89' lang='lat' dir='ltr'>quae</span> <span class='ocrx_word' id='word_1_135' title='bbox 519 1245 548 1276; x_wconf 85' lang='lat' dir='ltr'>a</span> <span class='ocrx_word' id='word_1_136' title='bbox 575 1230 905 1279; x_wconf 73' lang='lat' dir='ltr'>moderamine</span> <span class='ocrx_word' id='word_1_137' title='bbox 934 1234 1213 1294; x_wconf 88' lang='lat' dir='ltr'>inculpatae</span> <span class='ocrx_word' id='word_1_138' title='bbox 1246 1232 1430 1280; x_wconf 88' lang='lat' dir='ltr'>tutelae</span> <span class='ocrx_word' id='word_1_139' title='bbox 1476 1246 1572 1278; x_wconf 91' lang='lat' dir='ltr'>non</span> <span class='ocrx_word' id='word_1_140' title='bbox 1617 1232 1803 1279; x_wconf 85' lang='lat' dir='ltr'>recedit</span> <span class='ocrx_word' id='word_1_141' title='bbox 1829 1261 1846 1277; x_wconf 85' lang='grc'><strong>.</strong></span> <span class='ocrx_word' id='word_1_142' title='bbox 1883 1232 1985 1295; x_wconf 83' lang='lat' dir='ltr'>Qi</span> <span class='ocrx_word' id='word_1_143' title='bbox 2015 1244 2179 1280; x_wconf 87' lang='lat' dir='ltr'>autem</span> <span class='ocrx_word' id='word_1_144' title='bbox 2208 1244 2290 1278; x_wconf 86' lang='lat' dir='ltr'>ca·</span> 
     </span>
     <span class='ocr_line' id='line_1_15' title="bbox 233 1294 2290 1362; baseline -0.001 -19"><span class='ocrx_word' id='word_1_145' title='bbox 233 1296 534 1352; x_wconf 82' lang='lat' dir='ltr'>lumniatur,</span> <span class='ocrx_word' id='word_1_146' title='bbox 563 1294 757 1357; x_wconf 89' lang='lat' dir='ltr'>longius</span> <span class='ocrx_word' id='word_1_147' title='bbox 791 1298 1110 1359; x_wconf 87' lang='lat' dir='ltr'>provehitur,</span> <span class='ocrx_word' id='word_1_148' title='bbox 1142 1300 1287 1362; x_wconf 78' lang='lat' dir='ltr'>quam</span> <span class='ocrx_word' id='word_1_149' title='bbox 1323 1309 1562 1360; x_wconf 87' lang='lat' dir='ltr'>quantum</span> <span class='ocrx_word' id='word_1_150' title='bbox 1597 1296 1791 1359; x_wconf 81' lang='lat' dir='ltr'>fimplex</span> <span class='ocrx_word' id='word_1_151' title='bbox 1833 1295 2120 1346; x_wconf 83' lang='lat' dir='ltr'>defenfionis</span> <span class='ocrx_word' id='word_1_152' title='bbox 2159 1295 2290 1342; x_wconf 89' lang='lat' dir='ltr'>ratio</span> 
     </span>
     <span class='ocr_line' id='line_1_16' title="bbox 233 1360 2287 1427; baseline -0.001 -18"><span class='ocrx_word' id='word_1_153' title='bbox 233 1361 467 1427; x_wconf 81' lang='lat' dir='ltr'>requirit:</span> <span class='ocrx_word' id='word_1_154' title='bbox 504 1373 591 1407; x_wconf 88' lang='lat' dir='ltr'>nec</span> <span class='ocrx_word' id='word_1_155' title='bbox 621 1362 902 1420; x_wconf 85' lang='lat' dir='ltr'>propulsat,</span> <span class='ocrx_word' id='word_1_156' title='bbox 933 1363 1007 1409; x_wconf 89' lang='lat' dir='ltr'>sed</span> <span class='ocrx_word' id='word_1_157' title='bbox 1034 1360 1155 1407; x_wconf 78' lang='lat' dir='ltr'>facit</span> <span class='ocrx_word' id='word_1_158' title='bbox 1192 1361 1451 1417; x_wconf 84' lang='lat' dir='ltr'>injuriam.</span> <span class='ocrx_word' id='word_1_159' title='bbox 1477 1362 1606 1409; x_wconf 87' lang='lat' dir='ltr'>Hinc</span> <span class='ocrx_word' id='word_1_160' title='bbox 1642 1363 1818 1409; x_wconf 89' lang='lat' dir='ltr'>merito</span> <span class='ocrx_word' id='word_1_161' title='bbox 1849 1378 1875 1409; x_wconf 90' lang='lat' dir='ltr'>a</span> <span class='ocrx_word' id='word_1_162' title='bbox 1915 1364 1993 1410; x_wconf 89' lang='lat' dir='ltr'>SS.</span> <span class='ocrx_word' id='word_1_163' title='bbox 2020 1364 2135 1413; x_wconf 88' lang='lat' dir='ltr'>DD.</span> <span class='ocrx_word' id='word_1_164' title='bbox 2157 1362 2287 1423; x_wconf 86' lang='lat' dir='ltr'>Papa</span> 
     </span>
     <span class='ocr_line' id='line_1_17' title="bbox 236 1423 2286 1488; baseline -0.002 -12"><span class='ocrx_word' id='word_1_165' title='bbox 236 1426 530 1477; x_wconf 82' lang='lat' dir='ltr'>Innocentio</span> <span class='ocrx_word' id='word_1_166' title='bbox 558 1425 651 1471; x_wconf 87' lang='lat' dir='ltr'>Xl.</span> <span class='ocrx_word' id='word_1_167' title='bbox 674 1423 946 1485; x_wconf 89' lang='lat' dir='ltr'>proscripta</span> <span class='ocrx_word' id='word_1_168' title='bbox 978 1425 1062 1470; x_wconf 88' lang='lat' dir='ltr'>illa</span> <span class='ocrx_word' id='word_1_169' title='bbox 1101 1425 1342 1472; x_wconf 88' lang='lat' dir='ltr'>sententia</span> <span class='ocrx_word' id='word_1_170' title='bbox 1374 1425 1436 1471; x_wconf 85' lang='lat' dir='ltr'>est</span> <span class='ocrx_word' id='word_1_171' title='bbox 1465 1439 1477 1475; x_wconf 84' lang='grc'>;</span> <span class='ocrx_word' id='word_1_172' title='bbox 1522 1452 1562 1464; x_wconf 84' lang='lat'>·-</span> <span class='ocrx_word' id='word_1_173' title='bbox 1606 1424 1855 1471; x_wconf 81' lang='lat' dir='ltr'>Probabile</span> <span class='ocrx_word' id='word_1_174' title='bbox 1884 1425 2051 1484; x_wconf 84' lang='lat' dir='ltr'>estnon</span> <span class='ocrx_word' id='word_1_175' title='bbox 2092 1440 2286 1488; x_wconf 83' lang='lat' dir='ltr'>peccare</span> 
     </span>
     <span class='ocr_line' id='line_1_18' title="bbox 238 1487 2284 1607; baseline -0.002 -66"><span class='ocrx_word' id='word_1_176' title='bbox 238 1492 499 1607; x_wconf 47' lang='grc' dir='ltr'>’ἕω-Μέσον</span> <span class='ocrx_word' id='word_1_177' title='bbox 518 1518 535 1549; x_wconf 78' lang='lat'>,</span> <span class='ocrx_word' id='word_1_178' title='bbox 565 1489 642 1554; x_wconf 66' lang='lat' dir='ltr'>qui</span> <span class='ocrx_word' id='word_1_179' title='bbox 673 1487 859 1552; x_wconf 73' lang='lat' dir='ltr'>imponit</span> <span class='ocrx_word' id='word_1_180' title='bbox 875 1488 1051 1554; x_wconf 83' lang='lat' dir='ltr'>falsum</span> <span class='ocrx_word' id='word_1_181' title='bbox 1085 1489 1256 1539; x_wconf 78' lang='lat' dir='ltr'>crimen</span> <span class='ocrx_word' id='word_1_182' title='bbox 1288 1488 1469 1546; x_wconf 84' lang='lat' dir='ltr'>alicui,</span> <span class='ocrx_word' id='word_1_183' title='bbox 1495 1500 1545 1536; x_wconf 82' lang='lat' dir='ltr'>ut</span> <span class='ocrx_word' id='word_1_184' title='bbox 1564 1489 1696 1552; x_wconf 83' lang='lat' dir='ltr'>suam</span> <span class='ocrx_word' id='word_1_185' title='bbox 1715 1488 1958 1551; x_wconf 71' lang='lat' dir='ltr'>justitiam</span> <span class='ocrx_word' id='word_1_186' title='bbox 1997 1496 2048 1540; x_wconf 68' lang='lat' dir='ltr'>cir·</span> <span class='ocrx_word' id='word_1_187' title='bbox 2074 1490 2284 1539; x_wconf 85' lang='lat' dir='ltr'>honorem</span> 
     </span>
    </p>

    <p class='ocr_par' dir='ltr' id='par_1_4' title="bbox 276 1568 494 1606">
     <span class='ocr_line' id='line_1_19' title="bbox 276 1568 494 1606; baseline -0.018 0"><span class='ocrx_word' id='word_1_188' title='bbox 276 1576 296 1606; x_wconf 89' lang='lat' dir='ltr'>e</span> <span class='ocrx_word' id='word_1_189' title='bbox 325 1575 377 1606; x_wconf 85' lang='lat' dir='ltr'>en</span> <span class='ocrx_word' id='word_1_190' title='bbox 414 1568 494 1604; x_wconf 86' lang='lat' dir='ltr'>at.</span> 
     </span>
    </p>

    <p class='ocr_par' dir='ltr' id='par_1_5' title="bbox 240 1558 2289 2909">
     <span class='ocr_line' id='line_1_20' title="bbox 289 1558 2288 1681; baseline -0.004 -9"><span class='ocrx_word' id='word_1_191' title='bbox 289 1558 331 1624; x_wconf 75' lang='lat' dir='ltr'><em>f</em></span> <span class='ocrx_word' id='word_1_192' title='bbox 374 1624 462 1672; x_wconf 85' lang='lat' dir='ltr'>VI.</span> <span class='ocrx_word' id='word_1_193' title='bbox 497 1620 735 1671; x_wconf 64' lang='lat' dir='ltr'>Haflenus</span> <span class='ocrx_word' id='word_1_194' title='bbox 762 1619 821 1666; x_wconf 90' lang='lat' dir='ltr'>ad</span> <span class='ocrx_word' id='word_1_195' title='bbox 851 1619 1053 1681; x_wconf 89' lang='lat' dir='ltr'>primam</span> <span class='ocrx_word' id='word_1_196' title='bbox 1088 1617 1496 1669; x_wconf 86' lang='lat' dir='ltr'>Dubitationern:</span> <span class='ocrx_word' id='word_1_197' title='bbox 1569 1633 1696 1666; x_wconf 91' lang='lat' dir='ltr'>nunc</span> <span class='ocrx_word' id='word_1_198' title='bbox 1736 1620 1797 1666; x_wconf 90' lang='lat' dir='ltr'>ad</span> <span class='ocrx_word' id='word_1_199' title='bbox 1842 1619 2046 1666; x_wconf 84' lang='lat' dir='ltr'>alteram</span> <span class='ocrx_word' id='word_1_200' title='bbox 2089 1632 2288 1679; x_wconf 85' lang='lat' dir='ltr'>respon·</span> 
     </span>
     <span class='ocr_line' id='line_1_21' title="bbox 240 1681 2288 1749; baseline -0.003 -13"><span class='ocrx_word' id='word_1_201' title='bbox 240 1686 478 1737; x_wconf 87' lang='lat' dir='ltr'>dendum:</span> <span class='ocrx_word' id='word_1_202' title='bbox 509 1686 643 1749; x_wconf 90' lang='lat' dir='ltr'>Quid</span> <span class='ocrx_word' id='word_1_203' title='bbox 672 1700 843 1745; x_wconf 88' lang='lat' dir='ltr'>nempe</span> <span class='ocrx_word' id='word_1_204' title='bbox 873 1683 1110 1745; x_wconf 86' lang='lat' dir='ltr'>praestare</span> <span class='ocrx_word' id='word_1_205' title='bbox 1135 1684 1472 1742; x_wconf 86' lang='lat' dir='ltr'>Sempronium</span> <span class='ocrx_word' id='word_1_206' title='bbox 1500 1694 1732 1744; x_wconf 87' lang='lat' dir='ltr'>oporteat</span> <span class='ocrx_word' id='word_1_207' title='bbox 1758 1713 1774 1738; x_wconf 89' lang='lat'>,</span> <span class='ocrx_word' id='word_1_208' title='bbox 1802 1695 1857 1730; x_wconf 89' lang='lat' dir='ltr'>ut</span> <span class='ocrx_word' id='word_1_209' title='bbox 1891 1681 2048 1730; x_wconf 87' lang='lat' dir='ltr'>famae</span> <span class='ocrx_word' id='word_1_210' title='bbox 2089 1695 2166 1730; x_wconf 91' lang='lat' dir='ltr'>tot</span> <span class='ocrx_word' id='word_1_211' title='bbox 2207 1687 2288 1729; x_wconf 89' lang='lat' dir='ltr'>ln-</span> 
     </span>
     <span class='ocr_line' id='line_1_22' title="bbox 241 1746 2288 1810; baseline -0.004 -9"><span class='ocrx_word' id='word_1_212' title='bbox 241 1755 525 1801; x_wconf 87' lang='lat' dir='ltr'>nocentium</span> <span class='ocrx_word' id='word_1_213' title='bbox 547 1781 564 1808; x_wconf 90' lang='lat'>‚</span> <span class='ocrx_word' id='word_1_214' title='bbox 587 1764 687 1798; x_wconf 90' lang='lat' dir='ltr'>tam</span> <span class='ocrx_word' id='word_1_215' title='bbox 719 1752 954 1796; x_wconf 88' lang='lat' dir='ltr'>atrociter</span> <span class='ocrx_word' id='word_1_216' title='bbox 985 1749 1163 1810; x_wconf 89' lang='lat' dir='ltr'>ubique</span> <span class='ocrx_word' id='word_1_217' title='bbox 1195 1748 1417 1810; x_wconf 78' lang='lat' dir='ltr'>gentIum</span> <span class='ocrx_word' id='word_1_218' title='bbox 1447 1746 1531 1795; x_wconf 88' lang='lat' dir='ltr'>suo</span> <span class='ocrx_word' id='word_1_219' title='bbox 1558 1747 1727 1794; x_wconf 86' lang='lat' dir='ltr'>libello</span> <span class='ocrx_word' id='word_1_220' title='bbox 1757 1747 1941 1794; x_wconf 88' lang='lat' dir='ltr'>famoso</span> <span class='ocrx_word' id='word_1_221' title='bbox 1958 1748 2195 1802; x_wconf 89' lang='lat' dir='ltr'>violatae,</span> <span class='ocrx_word' id='word_1_222' title='bbox 2210 1758 2288 1793; x_wconf 84' lang='lat' dir='ltr'>at-</span> 
     </span>
     <span class='ocr_line' id='line_1_23' title="bbox 240 1811 2288 1882; baseline -0.004 -17"><span class='ocrx_word' id='word_1_223' title='bbox 240 1833 335 1882; x_wconf 91' lang='lat' dir='ltr'>que</span> <span class='ocrx_word' id='word_1_224' title='bbox 364 1819 569 1865; x_wconf 88' lang='lat' dir='ltr'>Animae</span> <span class='ocrx_word' id='word_1_225' title='bbox 598 1816 706 1863; x_wconf 90' lang='lat' dir='ltr'>suae</span> <span class='ocrx_word' id='word_1_226' title='bbox 738 1813 877 1862; x_wconf 89' lang='lat' dir='ltr'>saluti</span> <span class='ocrx_word' id='word_1_227' title='bbox 904 1811 992 1859; x_wconf 91' lang='lat' dir='ltr'>illo</span> <span class='ocrx_word' id='word_1_228' title='bbox 1015 1841 1033 1869; x_wconf 86' lang='lat'><strong>,</strong></span> <span class='ocrx_word' id='word_1_229' title='bbox 1075 1827 1174 1876; x_wconf 90' lang='lat' dir='ltr'>quo</span> <span class='ocrx_word' id='word_1_230' title='bbox 1203 1812 1349 1859; x_wconf 86' lang='lat' dir='ltr'>debet</span> <span class='ocrx_word' id='word_1_231' title='bbox 1381 1826 1436 1863; x_wconf 87' lang='lat' dir='ltr'>ac</span> <span class='ocrx_word' id='word_1_232' title='bbox 1472 1811 1645 1867; x_wconf 85' lang='lat' dir='ltr'>decet,</span> <span class='ocrx_word' id='word_1_233' title='bbox 1672 1815 1818 1860; x_wconf 89' lang='lat' dir='ltr'>modo</span> <span class='ocrx_word' id='word_1_234' title='bbox 1850 1814 2151 1874; x_wconf 76' lang='lat' dir='ltr'>prospiciat?</span> <span class='ocrx_word' id='word_1_235' title='bbox 2187 1812 2288 1858; x_wconf 89' lang='lat' dir='ltr'>Ne-</span> 
     </span>
     <span class='ocr_line' id='line_1_24' title="bbox 240 1875 2286 1944; baseline -0.004 -13"><span class='ocrx_word' id='word_1_236' title='bbox 240 1881 358 1931; x_wconf 75' lang='lat' dir='ltr'>cesse</span> <span class='ocrx_word' id='word_1_237' title='bbox 386 1881 445 1929; x_wconf 87' lang='lat' dir='ltr'>est</span> <span class='ocrx_word' id='word_1_238' title='bbox 464 1912 479 1938; x_wconf 88' lang='lat'>,</span> <span class='ocrx_word' id='word_1_239' title='bbox 507 1892 702 1944; x_wconf 88' lang='lat' dir='ltr'>praeter</span> <span class='ocrx_word' id='word_1_240' title='bbox 731 1878 957 1930; x_wconf 86' lang='lat' dir='ltr'>sinceram</span> <span class='ocrx_word' id='word_1_241' title='bbox 987 1875 1099 1925; x_wconf 71' lang='lat' dir='ltr'>faffi</span> <span class='ocrx_word' id='word_1_242' title='bbox 1140 1875 1208 1924; x_wconf 93' lang='lat' dir='ltr'>sui</span> <span class='ocrx_word' id='word_1_243' title='bbox 1238 1892 1401 1924; x_wconf 91' lang='lat' dir='ltr'>coram</span> <span class='ocrx_word' id='word_1_244' title='bbox 1439 1880 1549 1926; x_wconf 91' lang='lat' dir='ltr'>Deo</span> <span class='ocrx_word' id='word_1_245' title='bbox 1568 1879 1925 1937; x_wconf 87' lang='lat' dir='ltr'>poenitentiam</span> <span class='ocrx_word' id='word_1_246' title='bbox 1944 1906 1959 1933; x_wconf 88' lang='lat'><strong>,</strong></span> <span class='ocrx_word' id='word_1_247' title='bbox 1987 1893 2073 1932; x_wconf 88' lang='lat' dir='ltr'>ea,</span> <span class='ocrx_word' id='word_1_248' title='bbox 2103 1891 2208 1940; x_wconf 88' lang='lat' dir='ltr'>quae</span> <span class='ocrx_word' id='word_1_249' title='bbox 2237 1876 2286 1922; x_wconf 89' lang='lat' dir='ltr'>in</span> 
     </span>
     <span class='ocr_line' id='line_1_25' title="bbox 243 1941 2288 2001; baseline -0.005 -5"><span class='ocrx_word' id='word_1_250' title='bbox 243 1948 462 2001; x_wconf 78' lang='lat' dir='ltr'>honestos</span> <span class='ocrx_word' id='word_1_251' title='bbox 494 1950 623 1995; x_wconf 86' lang='lat' dir='ltr'>viros</span> <span class='ocrx_word' id='word_1_252' title='bbox 644 1974 658 2000; x_wconf 91' lang='lat'>‚</span> <span class='ocrx_word' id='word_1_253' title='bbox 692 1947 802 1993; x_wconf 90' lang='lat' dir='ltr'>Deo</span> <span class='ocrx_word' id='word_1_254' title='bbox 830 1945 1029 1999; x_wconf 67' lang='lat' dir='ltr'>sacrm,</span> <span class='ocrx_word' id='word_1_255' title='bbox 1056 1942 1259 1990; x_wconf 87' lang='lat' dir='ltr'>crimina</span> <span class='ocrx_word' id='word_1_256' title='bbox 1291 1943 1535 1998; x_wconf 83' lang='lat' dir='ltr'>contulit,</span> <span class='ocrx_word' id='word_1_257' title='bbox 1564 1955 1794 1990; x_wconf 84' lang='lat' dir='ltr'>revocare</span> <span class='ocrx_word' id='word_1_258' title='bbox 1828 1958 1935 1991; x_wconf 87' lang='lat' dir='ltr'>eum</span> <span class='ocrx_word' id='word_1_259' title='bbox 1965 1972 1980 1998; x_wconf 91' lang='lat'>‚</span> <span class='ocrx_word' id='word_1_260' title='bbox 2007 1941 2288 1990; x_wconf 84' lang='lat' dir='ltr'>contrariis-</span> 
     </span>
     <span class='ocr_line' id='line_1_26' title="bbox 242 2002 2288 2078; baseline -0.005 -15"><span class='ocrx_word' id='word_1_261' title='bbox 242 2030 337 2078; x_wconf 82' lang='lat' dir='ltr'>que</span> <span class='ocrx_word' id='word_1_262' title='bbox 370 2013 554 2074; x_wconf 83' lang='lat' dir='ltr'>scriptis</span> <span class='ocrx_word' id='word_1_263' title='bbox 584 2009 832 2060; x_wconf 82' lang='lat' dir='ltr'>mendacia</span> <span class='ocrx_word' id='word_1_264' title='bbox 868 2007 980 2064; x_wconf 85' lang='lat' dir='ltr'>sua,</span> <span class='ocrx_word' id='word_1_265' title='bbox 1008 2023 1064 2055; x_wconf 90' lang='lat' dir='ltr'>ac</span> <span class='ocrx_word' id='word_1_266' title='bbox 1099 2007 1335 2054; x_wconf 87' lang='lat' dir='ltr'>maledica</span> <span class='ocrx_word' id='word_1_267' title='bbox 1371 2009 1545 2069; x_wconf 89' lang='lat' dir='ltr'>scripta</span> <span class='ocrx_word' id='word_1_268' title='bbox 1585 2006 1804 2055; x_wconf 88' lang='lat' dir='ltr'>refellere</span> <span class='ocrx_word' id='word_1_269' title='bbox 1847 2023 1903 2056; x_wconf 89' lang='lat' dir='ltr'>ac</span> <span class='ocrx_word' id='word_1_270' title='bbox 1936 2004 2148 2055; x_wconf 86' lang='lat' dir='ltr'>refutare</span> <span class='ocrx_word' id='word_1_271' title='bbox 2177 2023 2198 2063; x_wconf 82' lang='grc'>,-</span> <span class='ocrx_word' id='word_1_272' title='bbox 2231 2002 2288 2053; x_wconf 69' lang='grc' dir='ltr'>ὅ(</span> 
     </span>
     <span class='ocr_line' id='line_1_27' title="bbox 243 2070 2285 2137; baseline -0.005 -9"><span class='ocrx_word' id='word_1_273' title='bbox 243 2096 292 2129; x_wconf 70' lang='lat' dir='ltr'>se</span> <span class='ocrx_word' id='word_1_274' title='bbox 319 2077 487 2126; x_wconf 86' lang='lat' dir='ltr'>falsum</span> <span class='ocrx_word' id='word_1_275' title='bbox 521 2075 717 2130; x_wconf 75' lang='lat' dir='ltr'>dixisse,</span> <span class='ocrx_word' id='word_1_276' title='bbox 745 2087 896 2137; x_wconf 78' lang='lat' dir='ltr'>atque</span> <span class='ocrx_word' id='word_1_277' title='bbox 924 2074 1047 2121; x_wconf 90' lang='lat' dir='ltr'>adeo</span> <span class='ocrx_word' id='word_1_278' title='bbox 1075 2073 1164 2121; x_wconf 86' lang='lat' dir='ltr'>effe</span> <span class='ocrx_word' id='word_1_279' title='bbox 1193 2074 1484 2128; x_wconf 86' lang='lat' dir='ltr'>mentitum,</span> <span class='ocrx_word' id='word_1_280' title='bbox 1511 2070 1820 2130; x_wconf 83' lang='lat' dir='ltr'>jurejurando</span> <span class='ocrx_word' id='word_1_281' title='bbox 1862 2074 2009 2120; x_wconf 89' lang='lat' dir='ltr'>etiam</span> <span class='ocrx_word' id='word_1_282' title='bbox 2043 2102 2059 2129; x_wconf 88' lang='lat'>,</span> <span class='ocrx_word' id='word_1_283' title='bbox 2102 2071 2131 2118; x_wconf 85' lang='lat' dir='ltr'>fi</span> <span class='ocrx_word' id='word_1_284' title='bbox 2164 2084 2285 2132; x_wconf 81' lang='lat' dir='ltr'>opus</span> 
     </span>
     <span class='ocr_line' id='line_1_28' title="bbox 244 2136 2285 2203; baseline -0.005 -11"><span class='ocrx_word' id='word_1_285' title='bbox 244 2144 422 2197; x_wconf 82' lang='lat' dir='ltr'>fuerit,</span> <span class='ocrx_word' id='word_1_286' title='bbox 455 2140 734 2189; x_wconf 87' lang='lat' dir='ltr'>contestari:</span> <span class='ocrx_word' id='word_1_287' title='bbox 773 2141 839 2187; x_wconf 89' lang='lat' dir='ltr'>ita</span> <span class='ocrx_word' id='word_1_288' title='bbox 873 2151 927 2189; x_wconf 84' lang='lat' dir='ltr'>ut</span> <span class='ocrx_word' id='word_1_289' title='bbox 954 2139 1080 2200; x_wconf 84' lang='lat' dir='ltr'>apud</span> <span class='ocrx_word' id='word_1_290' title='bbox 1108 2154 1189 2186; x_wconf 88' lang='lat' dir='ltr'>eos</span> <span class='ocrx_word' id='word_1_291' title='bbox 1208 2168 1223 2195; x_wconf 89' lang='lat'>,</span> <span class='ocrx_word' id='word_1_292' title='bbox 1249 2140 1310 2186; x_wconf 92' lang='lat' dir='ltr'>ad</span> <span class='ocrx_word' id='word_1_293' title='bbox 1345 2153 1551 2203; x_wconf 86' lang='lat' dir='ltr'>quorum</span> <span class='ocrx_word' id='word_1_294' title='bbox 1588 2153 1726 2185; x_wconf 86' lang='lat' dir='ltr'>aures</span> <span class='ocrx_word' id='word_1_295' title='bbox 1757 2138 1971 2186; x_wconf 88' lang='lat' dir='ltr'>conflata</span> <span class='ocrx_word' id='word_1_296' title='bbox 1997 2138 2059 2184; x_wconf 88' lang='lat' dir='ltr'>ab</span> <span class='ocrx_word' id='word_1_297' title='bbox 2087 2136 2186 2198; x_wconf 93' lang='lat' dir='ltr'>ipso</span> <span class='ocrx_word' id='word_1_298' title='bbox 2205 2150 2285 2182; x_wconf 88' lang='lat' dir='ltr'>ca-</span> 
     </span>
     <span class='ocr_line' id='line_1_29' title="bbox 244 2200 2287 2268; baseline -0.005 -11"><span class='ocrx_word' id='word_1_299' title='bbox 244 2211 427 2257; x_wconf 86' lang='lat' dir='ltr'>lumnia</span> <span class='ocrx_word' id='word_1_300' title='bbox 458 2206 680 2268; x_wconf 84' lang='lat' dir='ltr'>pervenit</span> <span class='ocrx_word' id='word_1_301' title='bbox 712 2207 873 2267; x_wconf 87' lang='lat' dir='ltr'>[quae</span> <span class='ocrx_word' id='word_1_302' title='bbox 908 2202 1120 2265; x_wconf 79' lang='lat' dir='ltr'>semper,</span> <span class='ocrx_word' id='word_1_303' title='bbox 1166 2203 1247 2251; x_wconf 83' lang='lat' dir='ltr'>nisi</span> <span class='ocrx_word' id='word_1_304' title='bbox 1278 2215 1566 2259; x_wconf 86' lang='lat' dir='ltr'>revocetur,</span> <span class='ocrx_word' id='word_1_305' title='bbox 1601 2202 1803 2251; x_wconf 87' lang='lat' dir='ltr'>exstabit</span> <span class='ocrx_word' id='word_1_306' title='bbox 1848 2203 2000 2250; x_wconf 85' lang='lat' dir='ltr'>veluti</span> <span class='ocrx_word' id='word_1_307' title='bbox 2041 2200 2287 2265; x_wconf 86' lang='lat' dir='ltr'>quoddam</span> 
     </span>
     <span class='ocr_line' id='line_1_30' title="bbox 246 2264 2286 2330; baseline -0.005 -9"><span class='ocrx_word' id='word_1_308' title='bbox 246 2274 473 2322; x_wconf 86' lang='lat' dir='ltr'>falsorum</span> <span class='ocrx_word' id='word_1_309' title='bbox 507 2272 759 2319; x_wconf 88' lang='lat' dir='ltr'>criminum</span> <span class='ocrx_word' id='word_1_310' title='bbox 810 2269 1131 2317; x_wconf 85' lang='lat' dir='ltr'>testimonium</span> <span class='ocrx_word' id='word_1_311' title='bbox 1163 2271 1180 2330; x_wconf 90' lang='grc'><strong>]</strong></span> <span class='ocrx_word' id='word_1_312' title='bbox 1229 2270 1385 2315; x_wconf 86' lang='lat' dir='ltr'>omnis</span> <span class='ocrx_word' id='word_1_313' title='bbox 1427 2267 1660 2317; x_wconf 60' lang='lat' dir='ltr'>diuorum</span> <span class='ocrx_word' id='word_1_314' title='bbox 1711 2267 2091 2330; x_wconf 86' lang='lat' dir='ltr'>scriptorumque</span> <span class='ocrx_word' id='word_1_315' title='bbox 2139 2264 2286 2320; x_wconf 84' lang='lat' dir='ltr'>fides,</span> 
     </span>
     <span class='ocr_line' id='line_1_31' title="bbox 247 2330 2286 2402; baseline -0.005 -16"><span class='ocrx_word' id='word_1_316' title='bbox 247 2350 485 2402; x_wconf 84' lang='lat' dir='ltr'>quantum</span> <span class='ocrx_word' id='word_1_317' title='bbox 513 2338 562 2383; x_wconf 92' lang='lat' dir='ltr'>in</span> <span class='ocrx_word' id='word_1_318' title='bbox 593 2333 697 2395; x_wconf 87' lang='lat' dir='ltr'>ipso</span> <span class='ocrx_word' id='word_1_319' title='bbox 724 2334 817 2391; x_wconf 86' lang='lat' dir='ltr'>est,</span> <span class='ocrx_word' id='word_1_320' title='bbox 850 2335 1115 2396; x_wconf 85' lang='lat' dir='ltr'>abrogetur</span> <span class='ocrx_word' id='word_1_321' title='bbox 1143 2349 1164 2392; x_wconf 87' lang='lat'>,·</span> <span class='ocrx_word' id='word_1_322' title='bbox 1199 2333 1330 2381; x_wconf 88' lang='lat' dir='ltr'>nulla</span> <span class='ocrx_word' id='word_1_323' title='bbox 1372 2333 1535 2380; x_wconf 87' lang='lat' dir='ltr'>habita</span> <span class='ocrx_word' id='word_1_324' title='bbox 1581 2333 1807 2397; x_wconf 85' lang='lat' dir='ltr'>propriae</span> <span class='ocrx_word' id='word_1_325' title='bbox 1850 2330 2006 2379; x_wconf 90' lang='lat' dir='ltr'>famae</span> <span class='ocrx_word' id='word_1_326' title='bbox 2055 2331 2245 2377; x_wconf 88' lang='lat' dir='ltr'>ratione</span> <span class='ocrx_word' id='word_1_327' title='bbox 2267 2346 2286 2376; x_wconf 87' lang='grc'>.·</span> 
     </span>
     <span class='ocr_line' id='line_1_32' title="bbox 249 2391 2282 2466; baseline -0.009 -10"><span class='ocrx_word' id='word_1_328' title='bbox 249 2417 399 2466; x_wconf 78' lang='lat' dir='ltr'>quum</span> <span class='ocrx_word' id='word_1_329' title='bbox 435 2399 609 2458; x_wconf 85' lang='lat' dir='ltr'>justitia</span> <span class='ocrx_word' id='word_1_330' title='bbox 637 2400 873 2461; x_wconf 80' lang='lat' dir='ltr'>postulet,</span> <span class='ocrx_word' id='word_1_331' title='bbox 901 2411 954 2446; x_wconf 90' lang='lat' dir='ltr'>ut</span> <span class='ocrx_word' id='word_1_332' title='bbox 984 2399 1125 2445; x_wconf 90' lang='lat' dir='ltr'>alteri</span> <span class='ocrx_word' id='word_1_333' title='bbox 1156 2397 1429 2444; x_wconf 84' lang='lat' dir='ltr'>restituatur</span> <span class='ocrx_word' id='word_1_334' title='bbox 1461 2397 1695 2460; x_wconf 87' lang='lat' dir='ltr'>quidquid</span> <span class='ocrx_word' id='word_1_335' title='bbox 1714 2398 1929 2447; x_wconf 78' lang='lat' dir='ltr'>ablatum</span> <span class='ocrx_word' id='word_1_336' title='bbox 1946 2411 2031 2457; x_wconf 91' lang='lat' dir='ltr'>per</span> <span class='ocrx_word' id='word_1_337' title='bbox 2056 2391 2282 2450; x_wconf 85' lang='lat' dir='ltr'>injuriam</span> 
     </span>
     <span class='ocr_line' id='line_1_33' title="bbox 250 2459 2283 2526; baseline -0.007 -9"><span class='ocrx_word' id='word_1_338' title='bbox 250 2469 398 2518; x_wconf 87' lang='lat' dir='ltr'>fuerit</span> <span class='ocrx_word' id='word_1_339' title='bbox 418 2496 433 2511; x_wconf 91' lang='grc'><strong>.</strong></span> <span class='ocrx_word' id='word_1_340' title='bbox 463 2465 532 2511; x_wconf 85' lang='lat' dir='ltr'>Ex</span> <span class='ocrx_word' id='word_1_341' title='bbox 566 2464 838 2510; x_wconf 90' lang='lat' dir='ltr'>violatione</span> <span class='ocrx_word' id='word_1_342' title='bbox 868 2464 1048 2526; x_wconf 85' lang='lat' dir='ltr'>quippe</span> <span class='ocrx_word' id='word_1_343' title='bbox 1075 2461 1277 2520; x_wconf 85' lang='lat' dir='ltr'>justitiae</span> <span class='ocrx_word' id='word_1_344' title='bbox 1314 2461 1627 2511; x_wconf 83' lang='lat' dir='ltr'>restitutionis</span> <span class='ocrx_word' id='word_1_345' title='bbox 1654 2461 1964 2522; x_wconf 82' lang='lat' dir='ltr'>consequitur</span> <span class='ocrx_word' id='word_1_346' title='bbox 2006 2459 2283 2519; x_wconf 84' lang='lat' dir='ltr'>obligatio.</span> 
     </span>
     <span class='ocr_line' id='line_1_34' title="bbox 253 2523 2284 2594; baseline -0.005 -15"><span class='ocrx_word' id='word_1_347' title='bbox 253 2531 584 2594; x_wconf 78' lang='lat' dir='ltr'>Qamobrem</span> <span class='ocrx_word' id='word_1_348' title='bbox 615 2528 675 2575; x_wconf 91' lang='lat' dir='ltr'>ad</span> <span class='ocrx_word' id='word_1_349' title='bbox 706 2528 968 2575; x_wconf 86' lang='lat' dir='ltr'>canendam</span> <span class='ocrx_word' id='word_1_350' title='bbox 998 2527 1293 2588; x_wconf 85' lang='lat' dir='ltr'>palinodiam</span> <span class='ocrx_word' id='word_1_351' title='bbox 1333 2527 1510 2572; x_wconf 84' lang='lat' dir='ltr'>divinis</span> <span class='ocrx_word' id='word_1_352' title='bbox 1542 2523 1593 2571; x_wconf 69' lang='grc' dir='ltr'>ὅ(</span> <span class='ocrx_word' id='word_1_353' title='bbox 1619 2526 1835 2572; x_wconf 80' lang='lat' dir='ltr'>humanis</span> <span class='ocrx_word' id='word_1_354' title='bbox 1868 2524 2083 2585; x_wconf 85' lang='lat' dir='ltr'>legibus,</span> <span class='ocrx_word' id='word_1_355' title='bbox 2109 2524 2284 2584; x_wconf 85' lang='lat' dir='ltr'>quibus</span> 
     </span>
     <span class='ocr_line' id='line_1_35' title="bbox 254 2588 2288 2654; baseline -0.008 -9"><span class='ocrx_word' id='word_1_356' title='bbox 254 2613 364 2644; x_wconf 88' lang='lat' dir='ltr'>eum</span> <span class='ocrx_word' id='word_1_357' title='bbox 397 2594 602 2644; x_wconf 85' lang='lat' dir='ltr'>relaxari</span> <span class='ocrx_word' id='word_1_358' title='bbox 631 2590 792 2647; x_wconf 81' lang='lat' dir='ltr'>nefas,</span> <span class='ocrx_word' id='word_1_359' title='bbox 815 2594 1120 2652; x_wconf 82' lang='lat' dir='ltr'>Sempronius</span> <span class='ocrx_word' id='word_1_360' title='bbox 1147 2591 1481 2653; x_wconf 83' lang='lat' dir='ltr'>adstringitur:</span> <span class='ocrx_word' id='word_1_361' title='bbox 1510 2602 1658 2654; x_wconf 86' lang='lat' dir='ltr'>atque</span> <span class='ocrx_word' id='word_1_362' title='bbox 1680 2591 1769 2636; x_wconf 87' lang='lat' dir='ltr'>hoc</span> <span class='ocrx_word' id='word_1_363' title='bbox 1799 2589 1866 2634; x_wconf 91' lang='lat' dir='ltr'>illi</span> <span class='ocrx_word' id='word_1_364' title='bbox 1888 2588 2146 2635; x_wconf 81' lang='lat' dir='ltr'>remedium</span> <span class='ocrx_word' id='word_1_365' title='bbox 2166 2617 2180 2641; x_wconf 89' lang='lat'>‚</span> <span class='ocrx_word' id='word_1_366' title='bbox 2209 2598 2288 2634; x_wconf 89' lang='lat' dir='ltr'>ut.</span> 
     </span>
     <span class='ocr_line' id='line_1_36' title="bbox 256 2650 2289 2724; baseline -0.005 -17"><span class='ocrx_word' id='word_1_367' title='bbox 256 2675 376 2724; x_wconf 82' lang='lat' dir='ltr'>pote</span> <span class='ocrx_word' id='word_1_368' title='bbox 408 2658 742 2713; x_wconf 66' lang='lat' dir='ltr'>necessarium,</span> <span class='ocrx_word' id='word_1_369' title='bbox 771 2656 997 2717; x_wconf 85' lang='lat' dir='ltr'>siquidem</span> <span class='ocrx_word' id='word_1_370' title='bbox 1033 2657 1186 2702; x_wconf 82' lang='lat' dir='ltr'>salvus</span> <span class='ocrx_word' id='word_1_371' title='bbox 1214 2656 1301 2705; x_wconf 79' lang='lat' dir='ltr'>effe</span> <span class='ocrx_word' id='word_1_372' title='bbox 1332 2655 1468 2710; x_wconf 84' lang='lat' dir='ltr'>vult,</span> <span class='ocrx_word' id='word_1_373' title='bbox 1504 2656 1704 2702; x_wconf 86' lang='lat' dir='ltr'>omnino</span> <span class='ocrx_word' id='word_1_374' title='bbox 1737 2652 2058 2700; x_wconf 83' lang='lat' dir='ltr'>adhibendum</span> <span class='ocrx_word' id='word_1_375' title='bbox 2095 2650 2184 2698; x_wconf 82' lang='lat' dir='ltr'>est.</span> <span class='ocrx_word' id='word_1_376' title='bbox 2217 2651 2289 2698; x_wconf 83' lang='lat' dir='ltr'>Si-</span> 
     </span>
     <span class='ocr_line' id='line_1_37' title="bbox 255 2715 2289 2784; baseline -0.006 -8"><span class='ocrx_word' id='word_1_377' title='bbox 255 2729 304 2777; x_wconf 80' lang='lat' dir='ltr'>bi</span> <span class='ocrx_word' id='word_1_378' title='bbox 334 2739 498 2774; x_wconf 89' lang='lat' dir='ltr'>autem</span> <span class='ocrx_word' id='word_1_379' title='bbox 523 2751 539 2778; x_wconf 82' lang='lat'>,</span> <span class='ocrx_word' id='word_1_380' title='bbox 567 2722 745 2784; x_wconf 87' lang='lat' dir='ltr'>suoque</span> <span class='ocrx_word' id='word_1_381' title='bbox 789 2719 949 2768; x_wconf 89' lang='lat' dir='ltr'>sceleri</span> <span class='ocrx_word' id='word_1_382' title='bbox 983 2721 1238 2780; x_wconf 86' lang='lat' dir='ltr'>adceptum</span> <span class='ocrx_word' id='word_1_383' title='bbox 1270 2718 1478 2774; x_wconf 84' lang='lat' dir='ltr'>referat,</span> <span class='ocrx_word' id='word_1_384' title='bbox 1506 2719 1534 2764; x_wconf 84' lang='lat' dir='ltr'>si</span> <span class='ocrx_word' id='word_1_385' title='bbox 1557 2720 1657 2779; x_wconf 87' lang='lat' dir='ltr'>pari</span> <span class='ocrx_word' id='word_1_386' title='bbox 1695 2718 1770 2767; x_wconf 87' lang='lat' dir='ltr'>vel</span> <span class='ocrx_word' id='word_1_387' title='bbox 1801 2715 1967 2773; x_wconf 82' lang='lat' dir='ltr'>majori</span> <span class='ocrx_word' id='word_1_388' title='bbox 2001 2716 2148 2763; x_wconf 88' lang='lat' dir='ltr'>etiam</span> <span class='ocrx_word' id='word_1_389' title='bbox 2178 2730 2289 2763; x_wconf 86' lang='lat' dir='ltr'>cum</span> 
     </span>
     <span class='ocr_line' id='line_1_38' title="bbox 256 2782 2289 2845; baseline -0.006 -6"><span class='ocrx_word' id='word_1_390' title='bbox 256 2791 366 2840; x_wconf 87' lang='lat' dir='ltr'>suae</span> <span class='ocrx_word' id='word_1_391' title='bbox 403 2789 560 2840; x_wconf 77' lang='lat' dir='ltr'>famae</span> <span class='ocrx_word' id='word_1_392' title='bbox 587 2787 883 2834; x_wconf 86' lang='lat' dir='ltr'>detrimento</span> <span class='ocrx_word' id='word_1_393' title='bbox 904 2814 919 2841; x_wconf 90' lang='lat'><strong>,</strong></span> <span class='ocrx_word' id='word_1_394' title='bbox 947 2785 1151 2834; x_wconf 88' lang='lat' dir='ltr'>aliorum</span> <span class='ocrx_word' id='word_1_395' title='bbox 1180 2786 1240 2830; x_wconf 89' lang='lat' dir='ltr'>ab</span> <span class='ocrx_word' id='word_1_396' title='bbox 1274 2784 1315 2830; x_wconf 90' lang='lat' dir='ltr'>se</span> <span class='ocrx_word' id='word_1_397' title='bbox 1333 2785 1549 2830; x_wconf 84' lang='lat' dir='ltr'>violatae</span> <span class='ocrx_word' id='word_1_398' title='bbox 1579 2782 1921 2830; x_wconf 84' lang='lat' dir='ltr'>existimationi</span> <span class='ocrx_word' id='word_1_399' title='bbox 1943 2782 2158 2845; x_wconf 88' lang='lat' dir='ltr'>adigitur</span> <span class='ocrx_word' id='word_1_400' title='bbox 2174 2794 2289 2828; x_wconf 90' lang='lat' dir='ltr'>con-</span> 
     </span>
     <span class='ocr_line' id='line_1_39' title="bbox 255 2845 2091 2909; baseline -0.007 -4"><span class='ocrx_word' id='word_1_401' title='bbox 255 2857 409 2905; x_wconf 76' lang='lat' dir='ltr'>sulere</span> <span class='ocrx_word' id='word_1_402' title='bbox 428 2886 442 2900; x_wconf 87' lang='lat'><strong>.</strong></span> <span class='ocrx_word' id='word_1_403' title='bbox 471 2853 631 2902; x_wconf 83' lang='lat' dir='ltr'>Sciens</span> <span class='ocrx_word' id='word_1_404' title='bbox 666 2853 793 2899; x_wconf 89' lang='lat' dir='ltr'>enim</span> <span class='ocrx_word' id='word_1_405' title='bbox 822 2865 878 2897; x_wconf 90' lang='lat' dir='ltr'>ac</span> <span class='ocrx_word' id='word_1_406' title='bbox 911 2851 1078 2897; x_wconf 78' lang='lat' dir='ltr'>volens</span> <span class='ocrx_word' id='word_1_407' title='bbox 1105 2850 1196 2898; x_wconf 82' lang='lat' dir='ltr'>hoc</span> <span class='ocrx_word' id='word_1_408' title='bbox 1227 2848 1307 2895; x_wconf 80' lang='lat' dir='ltr'>fibi</span> <span class='ocrx_word' id='word_1_409' title='bbox 1335 2860 1466 2895; x_wconf 88' lang='lat' dir='ltr'>certe</span> <span class='ocrx_word' id='word_1_410' title='bbox 1497 2862 1648 2909; x_wconf 84' lang='lat' dir='ltr'>grave</span> <span class='ocrx_word' id='word_1_411' title='bbox 1679 2862 1798 2895; x_wconf 74' lang='lat' dir='ltr'>onus</span> <span class='ocrx_word' id='word_1_412' title='bbox 1826 2845 2055 2907; x_wconf 87' lang='lat' dir='ltr'>imposuit</span> <span class='ocrx_word' id='word_1_413' title='bbox 2075 2876 2091 2892; x_wconf 90' lang='grc'><strong>.</strong></span> 
     </span>
    </p>

    <p class='ocr_par' dir='ltr' id='par_1_6' title="bbox 255 2909 2287 3230">
     <span class='ocr_line' id='line_1_40' title="bbox 388 2909 2287 2978; baseline -0.004 -12"><span class='ocrx_word' id='word_1_414' title='bbox 388 2920 501 2969; x_wconf 84' lang='lat' dir='ltr'>VII.</span> <span class='ocrx_word' id='word_1_415' title='bbox 537 2917 824 2978; x_wconf 84' lang='lat' dir='ltr'>Qinimmo</span> <span class='ocrx_word' id='word_1_416' title='bbox 846 2945 861 2970; x_wconf 90' lang='lat'>,</span> <span class='ocrx_word' id='word_1_417' title='bbox 890 2915 1004 2963; x_wconf 90' lang='lat' dir='ltr'>licet</span> <span class='ocrx_word' id='word_1_418' title='bbox 1033 2915 1300 2974; x_wconf 86' lang='lat' dir='ltr'>Sempronii</span> <span class='ocrx_word' id='word_1_419' title='bbox 1326 2928 1456 2960; x_wconf 91' lang='lat' dir='ltr'>error</span> <span class='ocrx_word' id='word_1_420' title='bbox 1483 2914 1593 2967; x_wconf 89' lang='lat' dir='ltr'>ille,</span> <span class='ocrx_word' id='word_1_421' title='bbox 1622 2927 1715 2958; x_wconf 92' lang='lat' dir='ltr'>non</span> <span class='ocrx_word' id='word_1_422' title='bbox 1747 2911 1892 2959; x_wconf 79' lang='lat' dir='ltr'>scelus</span> <span class='ocrx_word' id='word_1_423' title='bbox 1908 2909 2096 2967; x_wconf 78' lang='lat' dir='ltr'>fuisset,</span> <span class='ocrx_word' id='word_1_424' title='bbox 2131 2925 2287 2973; x_wconf 86' lang='lat' dir='ltr'>eoque</span> 
     </span>
     <span class='ocr_line' id='line_1_41' title="bbox 255 2975 2282 3040; baseline -0.007 -4"><span class='ocrx_word' id='word_1_425' title='bbox 255 3000 420 3036; x_wconf 83' lang='lat' dir='ltr'>errore</span> <span class='ocrx_word' id='word_1_426' title='bbox 448 2982 665 3032; x_wconf 60' lang='lat' dir='ltr'>induistus</span> <span class='ocrx_word' id='word_1_427' title='bbox 696 2978 817 3036; x_wconf 76' lang='lat' dir='ltr'>Caio</span> <span class='ocrx_word' id='word_1_428' title='bbox 848 2995 902 3028; x_wconf 92' lang='lat' dir='ltr'>ac</span> <span class='ocrx_word' id='word_1_429' title='bbox 932 2980 1066 3026; x_wconf 87' lang='lat' dir='ltr'>Titio</span> <span class='ocrx_word' id='word_1_430' title='bbox 1094 2993 1357 3040; x_wconf 87' lang='lat' dir='ltr'>eorumque</span> <span class='ocrx_word' id='word_1_431' title='bbox 1379 2978 1555 3025; x_wconf 89' lang='lat' dir='ltr'>Coetui</span> <span class='ocrx_word' id='word_1_432' title='bbox 1574 3007 1589 3033; x_wconf 80' lang='lat'><em>‚</em></span> <span class='ocrx_word' id='word_1_433' title='bbox 1625 2991 1769 3038; x_wconf 75' lang='lat' dir='ltr'>purus</span> <span class='ocrx_word' id='word_1_434' title='bbox 1798 2975 1982 3023; x_wconf 88' lang='lat' dir='ltr'>sceleris</span> <span class='ocrx_word' id='word_1_435' title='bbox 2004 3004 2020 3030; x_wconf 84' lang='lat'>,</span> <span class='ocrx_word' id='word_1_436' title='bbox 2046 2975 2282 3023; x_wconf 80' lang='lat' dir='ltr'>detraxis-</span> 
     </span>
     <span class='ocr_line' id='line_1_42' title="bbox 259 3038 2286 3109; baseline -0.007 -10"><span class='ocrx_word' id='word_1_437' title='bbox 259 3053 358 3109; x_wconf 72' lang='lat' dir='ltr'>set3</span> <span class='ocrx_word' id='word_1_438' title='bbox 389 3061 520 3098; x_wconf 87' lang='lat' dir='ltr'>ratus</span> <span class='ocrx_word' id='word_1_439' title='bbox 554 3046 634 3094; x_wconf 86' lang='lat' dir='ltr'>fibi</span> <span class='ocrx_word' id='word_1_440' title='bbox 662 3043 872 3093; x_wconf 86' lang='lat' dir='ltr'>laceffito</span> <span class='ocrx_word' id='word_1_441' title='bbox 912 3044 1055 3091; x_wconf 88' lang='lat' dir='ltr'>licere</span> <span class='ocrx_word' id='word_1_442' title='bbox 1088 3072 1105 3099; x_wconf 89' lang='lat'>‚</span> <span class='ocrx_word' id='word_1_443' title='bbox 1133 3058 1257 3106; x_wconf 90' lang='lat' dir='ltr'>quae</span> <span class='ocrx_word' id='word_1_444' title='bbox 1284 3043 1353 3090; x_wconf 91' lang='lat' dir='ltr'>illi</span> <span class='ocrx_word' id='word_1_445' title='bbox 1385 3039 1690 3098; x_wconf 87' lang='lat' dir='ltr'>objecerant,</span> <span class='ocrx_word' id='word_1_446' title='bbox 1721 3041 1914 3088; x_wconf 80' lang='lat' dir='ltr'>liberius</span> <span class='ocrx_word' id='word_1_447' title='bbox 1946 3038 2155 3089; x_wconf 85' lang='lat' dir='ltr'>refutare</span> <span class='ocrx_word' id='word_1_448' title='bbox 2175 3070 2191 3094; x_wconf 91' lang='lat'>‚</span> <span class='ocrx_word' id='word_1_449' title='bbox 2230 3050 2286 3085; x_wconf 87' lang='lat' dir='ltr'>ut</span> 
     </span>
     <span class='ocr_line' id='line_1_43' title="bbox 259 3105 2285 3179; baseline -0.009 -13"><span class='ocrx_word' id='word_1_450' title='bbox 259 3115 316 3166; x_wconf 70' lang='grc' dir='ltr'>ἃ</span> <span class='ocrx_word' id='word_1_451' title='bbox 343 3114 468 3179; x_wconf 85' lang='lat' dir='ltr'>ipsos</span> <span class='ocrx_word' id='word_1_452' title='bbox 495 3109 698 3170; x_wconf 81' lang='lat' dir='ltr'>injuriae</span> <span class='ocrx_word' id='word_1_453' title='bbox 729 3109 837 3158; x_wconf 89' lang='lat' dir='ltr'>suae</span> <span class='ocrx_word' id='word_1_454' title='bbox 865 3111 1169 3171; x_wconf 85' lang='lat' dir='ltr'>poeniteret,</span> <span class='ocrx_word' id='word_1_455' title='bbox 1206 3106 1260 3156; x_wconf 73' lang='grc' dir='ltr'>ὅτ</span> <span class='ocrx_word' id='word_1_456' title='bbox 1306 3122 1363 3153; x_wconf 91' lang='lat' dir='ltr'>ne</span> <span class='ocrx_word' id='word_1_457' title='bbox 1402 3108 1516 3169; x_wconf 89' lang='lat' dir='ltr'>quid</span> <span class='ocrx_word' id='word_1_458' title='bbox 1558 3107 1653 3154; x_wconf 87' lang='lat' dir='ltr'>tale</span> <span class='ocrx_word' id='word_1_459' title='bbox 1692 3105 1851 3169; x_wconf 87' lang='lat' dir='ltr'>postea</span> <span class='ocrx_word' id='word_1_460' title='bbox 1890 3109 2285 3158; x_wconf 85' lang='lat' dir='ltr'>committerent,</span> 
     </span>
     <span class='ocr_line' id='line_1_44' title="bbox 260 3165 2286 3230; baseline -0.006 -2"><span class='ocrx_word' id='word_1_461' title='bbox 260 3181 411 3228; x_wconf 85' lang='lat' dir='ltr'>ceteri</span> <span class='ocrx_word' id='word_1_462' title='bbox 446 3192 606 3226; x_wconf 88' lang='lat' dir='ltr'>autern</span> <span class='ocrx_word' id='word_1_463' title='bbox 644 3175 817 3223; x_wconf 85' lang='lat' dir='ltr'>fierent</span> <span class='ocrx_word' id='word_1_464' title='bbox 844 3177 903 3223; x_wconf 88' lang='lat' dir='ltr'>ad</span> <span class='ocrx_word' id='word_1_465' title='bbox 932 3172 1152 3230; x_wconf 79' lang='lat' dir='ltr'>injuriam</span> <span class='ocrx_word' id='word_1_466' title='bbox 1182 3173 1438 3220; x_wconf 83' lang='lat' dir='ltr'>tardiores:</span> <span class='ocrx_word' id='word_1_467' title='bbox 1479 3172 1630 3220; x_wconf 86' lang='lat' dir='ltr'>nihilo</span> <span class='ocrx_word' id='word_1_468' title='bbox 1658 3184 1819 3220; x_wconf 88' lang='lat' dir='ltr'>tamen</span> <span class='ocrx_word' id='word_1_469' title='bbox 1851 3173 2004 3218; x_wconf 81' lang='lat' dir='ltr'>minus</span> <span class='ocrx_word' id='word_1_470' title='bbox 2038 3169 2097 3217; x_wconf 89' lang='lat' dir='ltr'>ad</span> <span class='ocrx_word' id='word_1_471' title='bbox 2127 3165 2286 3215; x_wconf 81' lang='lat' dir='ltr'>famae</span> 
     </span>
    </p>
   </div>
   <div class='ocr_carea' id='block_1_3' title="bbox 261 3231 2288 3347">
    <p class='ocr_par' dir='ltr' id='par_1_7' title="bbox 261 3231 2288 3347">
     <span class='ocr_line' id='line_1_45' title="bbox 261 3231 2288 3347; baseline -0.007 -53"><span class='ocrx_word' id='word_1_472' title='bbox 261 3245 618 3310; x_wconf 80' lang='lat' dir='ltr'>reparationem</span> <span class='ocrx_word' id='word_1_473' title='bbox 660 3254 939 3291; x_wconf 85' lang='lat' dir='ltr'>teneretur.</span> <span class='ocrx_word' id='word_1_474' title='bbox 963 3243 1075 3299; x_wconf 77' lang='lat' dir='ltr'>lta,</span> <span class='ocrx_word' id='word_1_475' title='bbox 1115 3238 1144 3287; x_wconf 84' lang='lat' dir='ltr'>fi</span> <span class='ocrx_word' id='word_1_476' title='bbox 1176 3241 1282 3304; x_wconf 79' lang='lat' dir='ltr'>quis</span> <span class='ocrx_word' id='word_1_477' title='bbox 1308 3252 1406 3287; x_wconf 89' lang='lat' dir='ltr'>rem</span> <span class='ocrx_word' id='word_1_478' title='bbox 1447 3235 1654 3289; x_wconf 84' lang='lat' dir='ltr'>alienam</span> <span class='ocrx_word' id='word_1_479' title='bbox 1687 3234 1940 3288; x_wconf 63' lang='lat' dir='ltr'>abductam</span> <span class='ocrx_word' id='word_1_480' title='bbox 1980 3231 2288 3347; x_wconf 59' lang='lat' dir='ltr'>furtgstatque</span> 
     </span>
     <span class='ocr_line' id='line_1_46' title="bbox 2050 3312 2224 3346; baseline -0.006 0"><span class='ocrx_word' id='word_1_481' title='bbox 2050 3312 2076 3346; x_wconf 88' lang='lat' dir='ltr'>a</span> <span class='ocrx_word' id='word_1_482' title='bbox 2150 3313 2224 3346; x_wconf 79' lang='lat' dir='ltr'>ra-</span> 
     </span>
    </p>
   </div>
   <div class='ocr_carea' id='block_1_4' title="bbox 2647 558 2654 1388">
    <p class='ocr_par' dir='ltr' id='par_1_8' title="bbox 2647 558 2654 1388">
     <span class='ocr_line' id='line_1_47' title="bbox 2647 558 2654 1388; baseline 0 0"><span class='ocrx_word' id='word_1_483' title='bbox 2647 558 2654 1388; x_wconf 95' lang='lat' dir='ltr'> </span> 
     </span>
    </p>
   </div>
  </div>
 </body>
</html>
