2654 4085
391 295 472 354 Et
520 298 633 360 fera

677 318 816 377 quae
862 324 1037 363 mores
1089 309 1434 382 proscindunt
1479 313 1644 367 verba
1692 314 1911 385 piorum

390 378 804 456 Docstorumque
851 386 1132 442 hominum
1164 432 1180 457 ‚
1223 391 1422 446 merito
1462 393 1735 446 exsecrata
1778 391 1966 453 severis

390 460 628 535 Legibus
657 504 673 528 ‚
723 461 785 517 ὅ(
833 463 1044 540 semper
1086 467 1250 521 saevis
1305 471 1539 526 obnoxia
1587 471 1765 543 poenis
1796 513 1812 537 ,

388 540 555 613 Impii
603 539 663 593 &
714 539 968 599 effrontes
1012 545 1438 618 haudquaquam
1485 548 1698 605 obferre
1745 569 2027 622 verentur,

382 620 464 674 Vt
510 621 752 674 sanctum
784 663 799 688 ‚
852 621 913 678 ὃ(
962 623 1183 695 dignum
1230 625 1392 681 Divis
1445 632 1734 686 anathema
1783 640 1801 665 ¹
1843 633 2076 708 superni—s
2104 675 2126 704 ,

379 697 573 768 Insigni
623 698 828 768 pietate
881 700 1016 757 Viro
1048 746 1064 771 ‚
1102 710 1124 734 ²
1174 707 1269 775 qui
1312 708 1495 765 cultor
1539 709 1744 767 honesti
1772 756 1789 782 ‚

379 775 738 847 Iustitiaeque
787 793 952 834 tenax
982 823 998 848 ‚
1050 782 1470 860 admirandaque
1511 792 1790 848 coruscans

374 855 596 910 Virtute
625 894 640 920 ‚
684 855 872 909 insistit
930 861 1141 929 patriae
1182 862 1403 936 vestigia
1442 877 1460 913 ³
1507 870 1674 926 laudis

372 936 552 991 Heros
588 936 702 988 iam
750 932 956 988 Tuscus
994 979 1009 1003 ,

1051 942 1324 1009 quondam
1371 963 1536 1017 quum
1577 969 1738 1021 regna
1788 967 2036 1024 teneret,

368 1014 526 1092 Qae
572 1011 756 1083 gelidis
802 1009 1061 1069 foecunda
1108 1017 1250 1088 rigat:
1299 1019 1528 1078 Mosella
1559 1033 1585 1067 4
1628 1025 1885 1084 fluentis,

369 1092 640 1147 Tauricae
681 1090 741 1144 ὃς
774 1091 1010 1146 admirer
1052 1094 1164 1148 iam
1214 1097 1442 1157 barbara
1485 1102 1625 1160 sacra
1676 1106 1941 1164 Dianae?
1975 1113 1996 1152 5
2025 1149 2047 1178 5

364 1170 625 1246 Qaeque
657 1168 816 1223 cadat
853 1168 1056 1234 Byrsae
1091 1172 1113 1202 ⁶
1146 1171 1378 1232 Saturno
1421 1179 1684 1238 vicitima?
1735 1185 1858 1242 Sive
1908 1195 1930 1231 7

363 1247 533 1320 Qod
581 1245 782 1303 Veneri
834 1244 1036 1302 faciant
1076 1250 1300 1323 vulgato
1340 1276 1563 1330 corpore
1601 1258 1623 1293 ⁸
1660 1265 1873 1334 pulcrae

359 1324 682 1396 Cyprides?
732 1324 817 1377 En
865 1327 1065 1379 iterum
1111 1328 1306 1388 scelera
1338 1377 1354 1401 ‚
1409 1355 1570 1410 atque
1610 1339 1826 1398 infanda
1868 1345 2139 1401 sacrantur

358 1403 579 1473 Coepta
613 1400 735 1451 Diis
765 1422 774 1451 :
821 1408 845 1438 ⁹
879 1420 1073 1470 nempe
1104 1405 1279 1460 Heroi
1309 1416 1399 1478 qui
1448 1422 1684 1468 numinis
1735 1421 1898 1472 instar

357 1482 454 1538 Ad,
503 1481 770 1551 liquidum
810 1480 1031 1552 egregiis
1081 1476 1235 1534 fabiis
1281 1485 1526 1560 adsurgit
1571 1490 1923 1566 Olympum.

353 1554 732 1614 CAROLVS
785 1557 926 1611 altus
969 1558 1113 1612 adest
1148 1579 1158 1612 z
1205 1565 1391 1633 procul
1434 1568 1557 1623 hinc
1606 1574 1795 1643 procul
1841 1575 1919 1630 ite
1963 1591 2243 1651 nocente83

351 1636 601 1696 Desinite
645 1633 901 1687 incassum
947 1638 1146 1688 vestras
1193 1657 1502 1706 percurrere
1547 1649 1728 1702 laudes
1763 1658 1814 1684 ¹0

1843 1693 1859 1720 2

350 1716 663 1786 Degeneres
701 1719 747 1744 ¹¹
785 1752 802 1777 ‚
852 1712 962 1766 iam
1008 1731 1111 1766 non
1155 1714 1355 1771 vestras
1387 1763 1402 1788 ‚
1446 1724 1778 1800 nimiumque
1813 1748 2050 1791 remotas
2075 1778 2095 1805 ‚

351 1793 428 1847 Et
476 1808 708 1862 quarum
758 1807 851 1860 per
894 1809 988 1843 vos
1033 1791 1277 1848 abolescit
1324 1798 1535 1868 gloria.
1580 1803 1682 1860 Sed
1725 1810 1851 1879 quid.

348 1869 613 1938 Principis
653 1866 799 1919 haud
837 1865 1025 1920 solium
1051 1910 1067 1935 ,
1105 1870 1550 1953 maiestatemque
1582 1887 1874 1943 verendam
1903 1930 1923 1960 ,

346 1950 617 2006 :finvadant
654 1944 936 2015 homines,
966 1948 1166 2021 quibus
1207 1969 1311 2010 una
1351 1957 1426 2012 est
1475 1960 1613 2017 ultio
1645 1964 1835 2019 cordi?

187 2228 212 2262 ς
274 2215 494 2258 Anatbema
525 2215 686 2255 Graecis
717 2241 731 2262 ,
774 2211 823 2259 est
851 2213 953 2254 idem
996 2227 1042 2253 ac
1072 2217 1190 2257 dona.

241 2278 344 2314 rium
362 2300 374 2320 ‚
403 2272 610 2322 munusque
641 2277 716 2312 Deo
744 2271 898 2320 sacrum
924 2299 938 2320 ‚
968 2275 1150 2313 Latinis.

184 2343 209 2373 2
275 2325 432 2378 Virgil.
465 2329 501 2364 1.
532 2328 717 2366 AEnerd.
754 2379 762 2386 .

297 2382 504 2433 Insignem
535 2390 689 2431 pietate
722 2392 889 2424 virum.

179 2455 203 2494 ς
264 2437 418 2488 Virgil.
451 2438 530 2477 V1.
567 2435 755 2477 AEneid.
1001 2489 1011 2499 .
1067 2489 1076 2499 .

292 2490 409 2532 Nulli
455 2491 514 2531 fas
561 2492 669 2533 casto
711 2490 954 2537 sceleratum
998 2491 1182 2537 insuflere

345 2545 469 2585 limen
487 2574 496 2587 2

177 2618 207 2656 4
273 2602 434 2653 Mosella
451 2603 679 2641 Germaniae
702 2603 857 2655 flumen
872 2605 1003 2658 ,quod
1031 2604 1177 2645 Letha-

235 2660 408 2706 ringiam
438 2656 594 2694 adluit.

180 2725 203 2764 5
273 2713 427 2751 Dianae
445 2711 634 2749 Tauricae
662 2712 820 2767 hospites
852 2714 1176 2758 immolabantur.

176 2775 204 2809 6
269 2766 463 2816 Carthago
496 2767 609 2822 Byrsa
644 2770 842 2820 adpellata
871 2773 917 2820 est
941 2802 954 2821 ‚
983 2774 1080 2824 quod
1120 2788 1177 2812 eo.

231 2824 292 2862 rio
323 2821 432 2862 bovis
447 2835 532 2860 eam
558 2827 769 2871 ponendam
785 2829 1145 2879 circumscripserint
1161 2855 1172 2868 .

263 2875 382 2917 Plato
426 2878 469 2915 in
513 2875 725 2918 Phaedone
766 2882 899 2932 scribit
931 2884 1171 2935 Carthagine

231 2933 403 2971 homines
434 2935 604 2970 Saturno
632 2935 794 2974 mactari
817 2936 972 2987 solitos.

175 2991 200 3030 3
259 2991 460 3027 Mem-ariae
482 2988 656 3037 prodidit
691 2989 864 3030 Iustinus

173 3058 199 3097 9
261 3045 421 3082 Carolus
452 3043 703 3090 Serenffmus
719 3047 897 3096 Princeps
917 3059 941 3086 a
960 3051 1162 3094 Lotham'n.

225 3099 293 3145 gia
337 3095 389 3144 ῤ’
432 3101 624 3144 Etruria,
668 3113 876 3152 numquam
909 3100 982 3148 fibi
1020 3121 1164 3148 nuncu-

224 3153 313 3202 pan·
328 3153 503 3198 satiram
517 3156 560 3195 in
577 3155 818 3202 Florentiam
845 3155 1061 3210 huiusmodi
1072 3172 1160 3217 per-3

2171 2045 2234 2105 Si

1358 2225 1505 2277 mifisset
1530 2231 1692 2282 profec‘io
1716 2260 1729 2280 ,
1753 2230 1790 2278 fi
1813 2240 1930 2274 tanta
1968 2235 2126 2287 probra,
2158 2246 2198 2278 et
2229 2247 2297 2280 nn

1353 2282 1466 2331 faria
1495 2289 1700 2327 maledifia
1719 2318 1728 2333 ‚
1745 2290 1787 2327 in
1817 2303 1861 2327 ea
1875 2301 2092 2332 contentum
2108 2296 2162 2332 iri
2183 2296 2298 2335 divi·

1356 2350 1448 2376 nare
1459 2344 1630 2394 potutffet
1644 2371 1655 2382 .
1690 2345 1767 2381 Adi
1778 2347 1951 2394 superius
1974 2361 2063 2399 pag.
2084 2364 2125 2398 7.
2144 2360 2227 2390 not.
2252 2366 2290 2402 3.

1306 2404 1356 2433 το
1386 2396 1534 2435 Laudes
1563 2401 1671 2449 etsut
1698 2404 1899 2448 praeconia
1932 2406 2177 2442 accumulant
2192 2419 2293 2444 mor-

1354 2451 1500 2489 talium
1533 2453 1774 2504 superbifflmt
1814 2458 1856 2493 in
1891 2459 2017 2497 Serm.
2060 2461 2110 2498 V.
2147 2460 2257 2500 notis
2281 2490 2294 2511 ,

1353 2517 1450 2555 quae
1493 2510 1558 2546 vel
1593 2510 1709 2560 falsa
1744 2510 1839 2560 sunt
1864 2540 1877 2558 ‚
1916 2513 1984 2553 vet
2012 2513 2066 2551 ad
2114 2528 2171 2553 eos
2208 2520 2289 2555 iam

1353 2573 1426 2599 non
1461 2566 1655 2612 pertinent
1672 2591 1684 2603 .
1738 2566 1853 2616 Falsa
1888 2569 1981 2618 sunt
2035 2570 2125 2608 dum
2173 2572 2287 2610 innu-

1355 2629 1474 2654 meros
1504 2624 1611 2660 viros
1653 2620 1795 2659 nobiles
1831 2624 1894 2673 sui
1929 2623 2158 2673 familiares
2199 2629 2284 2664 Flo-

1340 2674 1507 2712 *rentiae
1537 2679 1578 2714 in
1604 2677 1780 2729 praesens
1807 2679 2015 2731 iac't'ttantg
2037 2694 2154 2732 quum
2182 2681 2285 2719 nobi.

1350 2726 1435 2775 les,
1460 2734 1694 2782 patriciique
1717 2730 1802 2783 fere
1829 2747 1980 2781 omnes,
1989 2736 2092 2783 filios
2113 2737 2203 2788 suos
2230 2739 2281 2776 ad

1350 2796 1476 2822 oerum
1519 2787 1666 2826 indocta
1703 2790 1896 2843 gymnafia
1926 2794 2082 2829 mittere
2110 2805 2277 2833 maxlme

1346 2839 1546 2889 refugiant
1565 2868 1575 2880 .
1609 2843 1669 2880 Ad
1698 2857 1756 2881 eos
1785 2856 1858 2881 non
1878 2849 2080 2893 pertinent
2109 2875 2123 2895 ,
2162 2864 2277 2901 quum

1335 2892 1374 2940 fi
1395 2908 1472 2945 qua
1502 2911 1597 2937 vera
1619 2899 1712 2947 sunt
1737 2925 1751 2946 ,
1780 2900 1905 2950 quoad
1936 2904 2150 2952 praeterita
2177 2915 2275 2943 tem·

1338 2957 1432 2999 pora
1462 2965 1557 2991 vera
1577 2952 1655 2998 sint
1677 2977 1689 2990 .

1286 3016 1336 3043 11
1369 3008 1570 3056 Qantum
1610 3005 1657 3046 ab
1687 3011 1855 3058 Ignatiis
1886 3035 1900 3054 ,
1939 3015 2149 3063 Franciscis
2181 3015 2271 3051 Eor-

1325 3061 1410 3107 giis
1425 3088 1436 3106 ,
1467 3060 1613 3108 alvistis
1634 3065 1841 3116 Gonzagis‚
1857 3067 1992 3106 Indiae
2010 3067 2235 3121 Martyrfbus
2249 3099 2264 3118 ‚

1333 3122 1371 3150 et
1394 3113 1431 3160 fi
1453 3117 1554 3154 inter
1575 3132 1633 3156 eos
1661 3123 1875 3175 recensendi
1897 3124 2015 3170 sunt,
2050 3123 2262 3173 franciscis

1331 3168 1526 3224 „Xaveriis
1551 3184 1588 3216 et
1605 3177 1747 3229 Regis,
1775 3187 1813 3218 et
1842 3179 2038 3218 Stamslm
2066 3179 2232 3230 Kctfiha
2247 3207 2262 3231 ‚

2128 3236 2211 3276 ali.
