2654 4085
386 318 454 353 22

456 374 817 431 Mordentes!
868 372 1046 429 Recte
1086 377 1460 439 conlimassetis
1492 425 1506 451 ,
1554 384 1615 442 ὃς
1658 404 1811 441 arcus

458 458 689 512 Plenam
730 455 1053 510 exhauliffet
1095 461 1277 515 multa
1325 483 1448 516 cum
1489 464 1642 520 laude
1691 467 2003 538 pharetram
2030 479 2047 524 4

457 537 604 610 Ergo
648 539 864 613 impune
917 535 1105 590 subans
1159 539 1402 599 tabulata
1452 543 1710 600 Pecurius
1767 547 1880 602 alta

457 617 691 693 Franget
718 662 733 689 ,
785 617 845 672 ὅ(
884 633 1093 672 evertet
1138 633 1378 690 tegetem
1409 666 1424 691 ,
1473 628 1850 699 impurumque
1903 628 2072 685 cubile
2101 669 2121 698 2

456 696 612 751 Dum
661 698 842 756 subitis
890 715 1141 767 praeceps
1189 700 1396 755 invadit
1440 702 1609 760 scorta
1659 705 1874 758 ruinis?

460 774 665 838 Incolet
711 775 1022 844 Oenopotes
1071 778 1313 833 madidas
1362 781 1579 854 impune
1634 784 1911 853 tabernam,

461 854 549 906 Ac
596 851 773 907 noctes
820 857 946 909 vino
993 854 1172 924 longas
1218 860 1525 928 producet?
1580 862 1655 917 Et
1703 881 1821 920 arte

459 932 661 988 Fallaci
696 975 710 999 ‚
761 931 1013 1007 tectisque
1054 936 1190 989 dolis
1221 980 1236 1007 ,
1275 942 1403 996 dare
1452 941 1611 996 verba
1658 943 1841 1002 clienti

461 1008 773 1082 Stauragius
822 1015 1064 1084 poterit,
1119 1013 1210 1069 sua
1267 1019 1396 1072 dum
1442 1021 1719 1074 mendacia
1771 1022 2007 1088 vendit,‘

461 1088 813 1164 Pupillosque
855 1093 1000 1162 capit
1055 1093 1273 1148 miseros
1311 1139 1326 1163 ,
1365 1096 1666 1167 matresque
1709 1098 1996 1166 trucidat,

459 1166 556 1218 Et
584 1169 765 1221 viduas
812 1167 1005 1239 spoliat
1038 1210 1053 1235 ,
1097 1172 1251 1223 litem
1301 1175 1368 1227 de
1415 1191 1654 1245 paupere
1693 1172 1843 1228 censu

462 1241 780 1296 Contestans
814 1286 827 1309 ,
873 1244 967 1297 fibi
1020 1264 1186 1318 quem
1234 1269 1356 1303 cum
1407 1253 1581 1306 iudice
1625 1251 1836 1307 dividat
1877 1253 1898 1306 ?
1967 1254 2130 1310 Alter

465 1317 719 1389 Prodiget
762 1322 949 1376 iniusto
989 1325 1254 1396 quaesitos
1318 1328 1532 1386 foenore
1585 1352 1838 1386 nummos
1871 1376 1886 1400 ,

465 1395 573 1449 Vel
618 1413 752 1466 quos
797 1398 978 1452 heredi
1034 1403 1212 1474 largus
1246 1447 1260 1470 ,
1309 1408 1399 1460 fibi
1458 1429 1642 1481 parcus
1697 1411 1909 1463 Abulus
1947 1454 1963 1479 ,

468 1472 678 1526 Stultus
721 1475 940 1544 utrique
988 1493 1168 1532 tamen
1207 1525 1219 1548 ‚
1269 1486 1466 1539 tabulis
1525 1488 1699 1558 legare
1749 1487 2002 1560 supremis

470 1550 763 1621 Cogitur?
812 1552 864 1612 in
924 1571 1117 1606 ,cantus
1165 1559 1223 1608 ὃς
1270 1562 1474 1613 hiantia
1519 1568 1761 1630 prodiget
1802 1585 1897 1615 ora

471 1625 743 1679 Thaidis?
798 1644 993 1680 aurato
1048 1629 1274 1686 insultat
1325 1652 1465 1705 quae
1519 1638 1725 1708 pulpita
1778 1637 1974 1709 soem,

473 1703 627 1755 Dum
679 1697 853 1753 crissat
901 1703 1059 1759 clune
1090 1748 1104 1772 ‚
1156 1707 1215 1760 ὅς
1262 1713 1559 1765 mammoso
1612 1711 1827 1785 pe&ore
1879 1733 2063 1793 turget
2094 1732 2116 1794 ,J

476 1780 552 1832 Et
603 1778 824 1834 simulat
877 1801 1129 1856 magnum
1172 1788 1327 1843 crista
1372 1792 1662 1847 minitante
1704 1792 1993 1865 siphacem
2028 1801 2050 1858 ?

477 1857 598 1911 Hos
640 1856 757 1910 finit
815 1861 1061 1930 illaes03‚
1115 1864 1173 1918 &
1223 1869 1428 1941 iniquus
1479 1869 1678 1942 spicula
1722 1875 1901 1929 censor
1931 1921 1945 1944 ,

477 1938 675 1991 Vibrat
722 1939 772 1989 in
815 1942 1165 2011 immerit033
1208 1947 1266 2001 &
1314 1953 1492 2022 magni
1542 1953 1766 2005 nominis
1813 1953 1986 2010 hostes
2013 2001 2032 2027 ‚

476 2017 629 2090 Qos
670 2017 759 2071 fibi
807 2020 1069 2076 confinxit
1104 2065 1119 2090 ‚
1174 2025 1334 2084 stulto
1374 2033 1610 2088 clamore
1667 2032 1861 2088 lacessit
1889 2078 1905 2103 ‚

480 2095 711 2166 Insignes
758 2099 964 2169 pietate
1006 2103 1144 2155 viros
1177 2146 1190 2171 ,
1249 2107 1557 2182 dile&aque
1606 2111 1768 2165 musis

480 2170 707 2228 peetora
740 2217 755 2241 ‚
802 2175 861 2229 ὅ(
902 2177 1125 2235 illustres
1175 2187 1379 2242 animas
1411 2233 1425 2258 ,
1469 2192 1686 2244 virtutis
1737 2193 1978 2262 amicam,

484 2251 715 2319 Inpfensas
763 2255 906 2308 vitiis
937 2300 953 2324 ‚
992 2276 1127 2328 quas
1176 2280 1373 2336 aequat
1416 2272 1584 2340 gloria
1625 2270 1773 2323 caelo
1804 2312 1819 2336 ‚

484 2331 639 2404 Qtas
681 2335 878 2386 merito
928 2332 1149 2392 cunffilus
1195 2344 1362 2414 dignis
1414 2347 1521 2402 fert
1569 2349 1811 2411 laudibus
1860 2349 2035 2402 orbis.

485 2405 608 2459 Nec
657 2412 823 2477 pudet
862 2453 875 2477 ‚
924 2412 1109 2467 infami
1160 2436 1216 2472 at
1263 2428 1464 2492 gaudet
1518 2425 1778 2480 bacchata
1836 2423 2047 2496 flagello

489 2484 667 2553 Impia
718 2503 839 2553 gens
873 2529 886 2553 ,
933 2491 1275 2566 exsultatque
1308 2542 1323 2567 ‚
1365 2503 1424 2556 ὃς
1465 2500 1632 2556 iactat
1678 2501 1781 2555 sale
1821 2504 2000 2557 multo

490 2558 811 2616 Defricuiffe
857 2565 1083 2621 urbem.
1148 2573 1381 2630 Caelum
1439 2576 1742 2634 attre&assc
1791 2579 2003 2634 videtur

492 2636 714 2708 Nempe
760 2640 898 2709 fibi,
947 2644 1004 2697 ὃς
1053 2647 1306 2720 superum
1363 2656 1520 2715 laetis
1560 2656 1875 2711 accumbere
1924 2661 2148 2734 mensis,

494 2716 619 2770 Hoc
669 2721 903 2788 merito,
951 2741 1060 2793 quo
1109 2747 1216 2781 uno
1253 2734 1598 2788 conscendere
1645 2735 1838 2786 nititur
1886 2737 2022 2792 astra
2066 2763 2080 2809 ;

494 2794 700 2848 Debita
749 2814 920 2865 quum
956 2800 1142 2873 Stygio
1188 2825 1349 2862 caeno
1384 2853 1397 2876 ,
1444 2812 1502 2864 6<
1551 2810 1789 2864 flammis
1834 2811 2203 2886 phlegetontis
2236 2868 2250 2893 ,

497 2872 686 2925 Turba
740 2874 803 2927 s1t
837 2918 850 2942 ,
902 2878 962 2931 &
1003 2880 1255 2935 lacrumis
1293 2928 1306 2951 ‚
1352 2887 1603 2942 Acheron
1652 2908 1784 2962 quas
1834 2893 2050 2949 volvit.
2109 2899 2187 2956 At
2236 2905 2324 2962 illa

498 2950 687 3023 Qlum
732 2952 797 3004 de
837 2954 887 3007 se
939 2957 1224 3028 loquitur,
1272 2965 1504 3035 segetem
1551 2967 1640 3020 fibi
1704 2969 1871 3034 laudis
1914 2973 2124 3032 inanem

499 3024 858 3096 Adglomerat
890 3074 904 3098 ‚
953 3037 1293 3109 celebratque
1331 3042 1439 3095 suos
1481 3045 1691 3104 ventosa
1733 3045 1932 3102 sodales
1966 3072 1979 3117 3

501 3103 692 3174 Atque
734 3109 847 3159 ait:
899 3112 951 3163 O
999 3117 1184 3186 tuqui
1235 3114 1451 3187 sophiae
1498 3124 1801 3194 contingere
1847 3145 2050 3184 metam

504 3180 605 3236 Per
652 3183 766 3239 loca
809 3190 1028 3244 mortali
1070 3193 1340 3253 obstrueta
1374 3239 1389 3265 Ι,
1433 3215 1596 3273 atque
1637 3204 1905 3277 impervia
1943 3207 2108 3282 gressu
2135 3253 2149 3279 ‚a

2258 3287 2380 3352 Ma-
