2654 4085
969 347 1815 453 QUINTus
2188 360 2290 444 ῃ

478 514 531 630 ἒ.
564 513 654 564 111.
689 506 859 558 Almae
893 508 1238 560 Univerfitatis
1270 496 1409 555 N.N.
1462 503 1524 555 ad
1560 498 1851 568 supradiflas
1898 498 2235 552 dubitationes
2290 501 2390 563 Re}

353 595 472 647 spon
509 598 570 630 ο.

405 723 407 725 ’
482 709 647 768 Quum
674 706 734 755 ad
771 705 958 755 Almam
990 702 1369 756 Univerfitatem
1399 702 1638 768 quaedam
1667 700 1871 750 morales
1897 695 2245 750 Dubitationes
2262 693 2395 744 adia-s

352 787 433 824 tae
460 774 581 830 sint,
610 785 664 821 ut
693 772 824 820 suum
849 776 914 819 ‘de
946 773 1004 820 iis
1032 769 1261 827 iudicium
1300 773 1614 832 interponere
1641 768 1928 831 dignaretur
1951 780 1974 823 ;
2010 765 2078 811 ita
2116 760 2301 808 censuit
2319 773 2392 829 re·

350 839 677 902 spondendum
705 852 715 883 :
750 837 911 884 Multa
945 834 1156 898 peccasse
1185 837 1520 898 Sempronium
1539 865 1554 879 .
1586 835 1792 881 Primum
1825 831 1875 878 in
1907 845 1999 887 eo,
2026 825 2157 891 quod
2187 825 2248 872 de
2272 825 2392 880 Caio

349 905 580 965 Titioque
612 913 793 948 temere
819 903 870 946 in
905 914 955 947 re
983 897 1258 961 graviffima
1290 900 1543 958 judicarit.
1567 898 1822 960 Judicavit
1842 897 1969 944 enim
1986 926 2002 953 ‚
2020 888 2293 942 commiiiffe
2314 901 2396 934 eos

344 979 541 1017 tantum
571 966 852 1030 flagitium,
884 975 1124 1026 quantum
1159 962 1253 1019 est,
1288 979 1388 1012 non
1421 979 1569 1012 unum
1609 975 1694 1010 aut
1724 964 1930 1009 alterum
1957 988 1976 1017 ,
2023 957 2099 1006 sed
2129 952 2401 1003 universam

347 1034 603 1082 civitatem
633 1030 932 1079 carminibus
966 1025 1235 1076 infamare.
1263 1028 1411 1091 Qod
1444 1028 1639 1090 quidem
1668 1027 1912 1089 flagitium
1964 1038 2117 1087 usque
2158 1020 2279 1068 adeo
2310 1019 2397 1066 im·

348 1112 490 1147 mane
517 1096 593 1143 vel
625 1095 707 1156 ipfi
734 1095 1022 1156 Sempronio
1058 1093 1211 1141 visum
1247 1096 1308 1139 est
1328 1124 1344 1149 ‚
1373 1106 1423 1140 ut
1443 1122 1458 1147 ,
1484 1093 1544 1139 ad
1573 1091 1621 1139 id
1655 1090 1999 1138 vindicandum
2029 1119 2044 1145 ,
2073 1086 2260 1149 putarit
2283 1111 2300 1140 ,
2340 1083 2401 1129 li-

353 1176 462 1210 cere
486 1162 567 1210 fibi
590 1159 831 1207 atrociter
861 1162 910 1204 in
944 1157 1209 1218 suppositos
1237 1158 1465 1206 Audiores
1494 1157 1690 1212 invehi,
1718 1153 1772 1204 <Sc
1795 1155 1965 1217 Populi
1992 1155 2043 1202 in
2068 1166 2186 1210 εος,
2211 1160 2403 1198 eorum-

353 1241 451 1289 que
466 1228 677 1275 Coetum
707 1222 994 1270 seditionem
1021 1225 1270 1269 concitare
1293 1252 1306 1267 .
1341 1225 1456 1279 Quo
1477 1235 1609 1269 certe
1636 1221 1716 1270 sibi
1742 1221 2010 1283 progredi,
2048 1217 2078 1265 fi
2108 1217 2264 1265 levem
2295 1210 2403 1271 Caji

349 1288 569 1352 Titiique
598 1289 790 1349 culpam
820 1286 1122 1335 existimasset
1142 1317 1158 1343 ,
1188 1287 1277 1334 effe
1308 1286 1440 1334 nefas
1473 1285 1709 1333 duxisset.
1739 1289 1894 1348 Igitur
1921 1286 1979 1332 de
2008 1280 2133 1338 Caio
2168 1279 2405 1340 Titioque

351 1365 534 1402 temere
554 1356 602 1399 in
632 1351 967 1414 regraviffima
998 1350 1508 1408 judicavit,futiiibus
1539 1348 1823 1405 coniet‘luris
1856 1347 2074 1410 fanisque
2105 1343 2400 1396 adsentiens,

351 1415 407 1465 ἃ
437 1419 692 1478 incognita
723 1432 811 1475 pro
838 1417 1051 1475 cognitis
1079 1416 1290 1460 habens:
1331 1418 1462 1471 quod
1496 1418 1555 1458 ad
1586 1420 1884 1470 peccandum
1929 1413 2148 1470 graviter
2186 1409 2301 1455 satis
2333 1405 2407 1453 su-

349 1496 531 1546 perque
566 1482 670 1526 est.
696 1477 872 1524 Gravis
912 1480 1040 1520 enim
1086 1474 1291 1520 infertur
1340 1472 1517 1528 injuria
1549 1502 1565 1526 ,
1601 1487 1750 1533 quum
1793 1475 1999 1532 improbi
2035 1473 2132 1519 fine
2164 1470 2402 1519 iustiss'ima

349 1548 512 1595 caussa
538 1545 793 1592 censentur
830 1543 898 1596 ii,
930 1541 1013 1602 qui
1043 1536 1113 1595 jus
1150 1539 1209 1585 ad
1242 1542 1417 1584 bonam
1447 1536 1622 1583 famam
1644 1565 1660 1591 ,
1686 1535 1739 1584 ὅτ
1769 1538 1828 1583 ad
1855 1536 1942 1582 suze
1966 1538 2268 1600 integritatis
2298 1535 2400 1582 exi-

350 1611 673 1658 stimationem
707 1607 878 1654 sartam
911 1603 1084 1652 tediam
1121 1605 1181 1651 ab
1209 1605 1342 1650 omni
1374 1604 1671 1649 detrimento
1701 1601 2079 1649 conservandam
2112 1602 2293 1648 tamdiu
2324 1613 2397 1647 re-

351 1678 546 1730 tinent,
585 1676 810 1736 quamdiu
840 1671 1047 1731 improbi
1082 1684 1176 1716 non
1206 1667 1454 1714 manifesto
1487 1668 1785 1728 probentur.
1815 1668 1920 1714 Nec
1948 1670 2078 1716 enim
2108 1667 2256 1715 solum
2283 1679 2396 1726 pro·

351 1741 576 1790 hibemur
599 1740 706 1799 jure
731 1751 933 1783 naturae
961 1732 1129 1780 falsum
1158 1734 1299 1780 alteri
1334 1734 1515 1780 crimen
1549 1732 1706 1794 palam
1738 1735 2017 1792 imponere,
2052 1737 2215 1779 verum
2246 1734 2395 1777 etiam

354 1807 478 1854 clam
508 1809 564 1854 de
593 1802 690 1861 ejus
720 1801 1074 1863 improbitate,
1106 1797 1286 1846 inuida
1319 1812 1375 1846 ac
1402 1814 1497 1847 non
1529 1800 1725 1859 penitus
1753 1797 1998 1859 perspefta
2033 1796 2186 1846 caussa
2222 1825 2240 1854 ‚
2273 1792 2396 1852 judi-

351 1885 492 1919 care.

489 1938 551 1984 u.
587 1934 784 1998 Flagitii
813 1936 962 1982 etiam
999 1934 1241 1995 gravioris
1275 1949 1379 1981 reus
1406 1932 1715 1995 Sempronius
1749 1926 1997 1992 arguitur,
2038 1927 2169 1993 quod
2203 1925 2263 1973 de
2300 1921 2397 1970 illis

361 2002 747 2054 InnocentibuS,
778 2000 837 2048 de
867 2000 1041 2062 quibus
1063 2011 1243 2046 temere
1271 1996 1541 2055 iudicarat,
1569 2010 1669 2046 tam
1697 1995 1843 2043 libere
1870 1995 2043 2043 deinde
2071 1987 2398 2044 contumelio-

360 2068 504 2130 seque
531 2065 834 2113 detraxerit.
864 2066 1006 2122 Quae
1036 2066 1229 2126 quidem
1262 2064 1451 2113 alienae
1481 2061 1635 2112 famae
1664 2061 1873 2109 violatio
1912 2075 2058 2121 quum
2093 2059 2147 2106 fit
2185 2056 2261 2104 vel
2292 2051 2396 2114 ipso

355 2129 492 2181 furto
528 2131 674 2193 longe
703 2131 917 2192 iniquior
947 2127 1162 2193 (spoliat
1190 2130 1318 2176 enim
1361 2130 1499 2179 bonis
1546 2129 1693 2191 longe
1735 2125 2211 2188 praestabilioribus:
2251 2133 2394 2169 nam.-

355 2195 563 2260 praestat
592 2210 708 2256 opes
741 2198 970 2242 maximas
999 2207 1149 2257 atque
1173 2195 1361 2257 optime
1395 2194 1676 2243 constitutas
1699 2221 1715 2249 ,
1742 2193 1884 2254 quam
1916 2193 2091 2239 bonam
2119 2186 2297 2254 famam
2324 2183 2400 2229 di-

356 2263 700 2326 gnitatemque
730 2262 873 2307 status
899 2289 915 2315 ‚
947 2260 1133 2323 legibus
1169 2275 1225 2306 ac
1268 2260 1480 2308 moribus
1510 2257 1875 2320 comprobatam
1907 2287 1922 2313 ,
1952 2257 2178 2304 amittere
2206 2267 2216 2298 ε
2257 2257 2395 2307 Juxta

358 2326 481 2374 illud
521 2327 889 2373 Proverbiorum
916 2340 958 2373 c.
994 2339 1071 2374 21:
1107 2325 1278 2371 Melius
1310 2324 1374 2383 est
1410 2326 1565 2372 bonum
1597 2340 1777 2377 nomen,
1819 2322 1953 2386 qua'm
1986 2320 2177 2369 divitiae
2214 2317 2396 2382 multae':

355 2390 411 2440 &
446 2390 563 2437 illud
594 2389 900 2437 Ecclesiastici
940 2406 982 2438 c.
1019 2404 1100 2453 41:
1154 2393 1325 2437 Curam
1357 2390 1470 2437 habe
1508 2389 1565 2435 de
1595 2389 1703 2435 bono
1732 2404 1903 2436 nomme
1933 2401 1944 2434 :
1983 2387 2063 2436 hoc
2095 2382 2211 2432 enim
2244 2390 2397 2442 magu·

353 2456 638 2520 permanehit
668 2455 789 2510 ubi,
826 2455 959 2519 qua'm
985 2453 1115 2501 multi
1141 2454 1345 2516 thesauri
1376 2453 1529 2518 magni
1559 2453 1609 2501 (⁹-
1632 2450 1871 2515 prett'osz')
1919 2450 2214 2499 manifestum
2247 2444 2340 2499 est,
2365 2455 2394 2487 a

250 2534 266 2541 ‘
290 2546 293 2547 ⁷
353 2521 638 2581 Sempronio
666 2534 921 2581 peccatum
956 2517 1088 2588 furt-o
1116 2521 1263 2582 longe
1290 2521 1486 2582 gravius
1514 2519 1603 2566 effe
1639 2517 1933 2566 commissum
1953 2547 1966 2564 .

492 2586 578 2632 nl.
617 2589 777 2647 Auget
812 2591 929 2633 vero
971 2599 1197 2639 maiorem
1231 2586 1277 2631 in
1311 2584 1503 2631 modum
1532 2585 1716 2646 peccati
1748 2583 2079 2645 gravitatem,
2115 2579 2245 2645 quod
2268 2576 2396 2624 Sem·

354 2650 557 2711 pronius
591 2651 785 2697 minime
817 2663 1079 2697 contentus
1109 2649 1212 2705 Caji
1243 2665 1298 2698 ac
1328 2651 1443 2696 Titii
1473 2647 1647 2697 famam
1679 2663 1799 2695 voce
1825 2647 2161 2709 proscindere,
2182 2649 2397 2693 libellum

359 2716 507 2760 etiam
537 2711 769 2760 famosum
804 2715 1106 2775 conscripsit,
1136 2717 1319 2770 edidit,
1351 2715 1497 2776 longe
1526 2715 1720 2776 lateque
1751 2715 2009 2776 vulgavit:
2041 2727 2093 2762 ut
2131 2712 2282 2760 veluti
2312 2720 2398 2767 pu-

362 2777 502 2825 blicis
531 2777 704 2825 tabulis
735 2781 982 2842 utriusque
1012 2781 1281 2842 ignominia
1319 2779 1598 2840 consignata
1625 2794 1732 2826 cum
1757 2780 2041 2842 longinquis
2070 2792 2172 2828 tum
2201 2777 2397 2839 posteris

362 2843 718 2891 innotesceret.
747 2845 910 2891 Multo
945 2844 1006 2891 est
1049 2857 1209 2892 autem
1243 2848 1359 2893 haec
1391 2845 1504 2892 boni
1541 2844 1747 2891 nominis
1784 2845 1993 2892 violatio
2024 2875 2040 2902 ‚
2078 2859 2184 2910 quae
2224 2842 2400 2902 scripto

361 2907 645 2969 perficitur,
676 2909 820 2968 quam
852 2924 955 2971 quae
987 2925 1108 2958 voce
1129 2940 1145 2966 ,
1174 2908 1472 2957 damnosior.
1500 2911 1607 2959 Vox
1630 2910 1757 2956 enim
1785 2907 1838 2958 δε
1869 2909 1991 2956 solos
2018 2911 2289 2973 praesentes
2317 2902 2401 2952 ad-

360 2971 497 3026 ficit,
533 2987 619 3018 nec
647 2973 830 3020 diutius
857 2974 1160 3034 perseverat.
1190 2980 1249 3023 At
1285 2991 1401 3023 vero
1429 2973 1602 3036 scripta
1646 2972 1700 3022 ὅτ
1730 2974 1791 3021 ad
1824 2975 2042 3023 absentes
2078 2974 2400 3038 perveniunt,

356 3035 414 3084 δι
446 3040 492 3083 in
529 3037 856 3107 posteritatem
887 3053 1156 3098 perennant
1183 3072 1198 3087 .
1241 3042 1403 3101 Qam
1445 3041 1663 3088 eamdem
1714 3041 1778 3088 ob
1825 3055 1923 3087 rem
1966 3036 2297 3102 sapientissime
2338 3035 2401 3081 ab

360 3115 570 3177 utroque
601 3116 706 3157 iure
741 3102 963 3149 adversus
989 3103 1257 3160 hujusmodi
1291 3105 1566 3153 libellorum
1597 3105 1828 3155 Auflores
1864 3105 2233 3167 vulgatoresque
2256 3112 2401 3148 tanto

361 3165 538 3229 dignae
567 3167 761 3228 flagitio
789 3167 1077 3216 constitutae
1103 3169 1208 3219 sunt
1238 3184 1452 3234 poenae:
1480 3185 1627 3232 quum
1655 3188 1685 3219 a
1710 3173 1964 3219 Canonico
1989 3171 2179 3231 quidem
2212 3180 2405 3216 excom-

361 3234 694 3281 municatione
723 3235 964 3287 maiorne.
981 3233 1066 3303 qui·
1079 3237 1276 3283 alterius
1290 3238 1341 3284 S.
1365 3253 1410 3302 q.
1434 3251 1552 3285 11.a
1572 3237 1718 3285 Civili
1742 3248 1902 3284 autem
1929 3234 2128 3299 capitali
2165 3231 2404 3284 sententia

365 3296 402 3346 Ι.
426 3315 503 3349 κη,
529 3304 590 3350 C.
614 3298 671 3349 de
688 3298 884 3365 famosts
912 3297 1111 3359 libellis,
1126 3299 1359 3362 ejusmodi
1387 3303 1570 3352 crimen
1595 3303 1899 3355 vindicetur.

2256 3367 2343 3417 lv.
