2654 4085
426 502 605 617 ΜΑ
723 352 2333 691 ΡΗῳιὲἶὲΑιωιυε.

801 735 1741 843 LECTORI
1910 737 2016 841 S*

449 978 714 1030 Ermonum
743 992 1017 1045 quattuor,
1048 983 1134 1047 qui
1178 983 1262 1033 sub
1298 986 1486 1034 exitum
1528 983 1783 1048 superioris
1816 986 1966 1046 anni,
2001 984 2212 1039 Aufiore
2242 985 2296 1038 1..
2321 989 2407 1038 Seo‘v

468 1042 610 1092 &ano
645 1046 720 1109 Q
742 1047 831 1095 Fii.
876 1048 1108 1096 Genevae
1144 1053 1350 1111 primum
1380 1050 1700 1112 prodierunt,
1727 1063 1965 1114 quantum
2010 1052 2066 1101 fit
2112 1053 2359 1114 pretium..
2381 1082 2406 1110 ²

358 1107 552 1155 fortaffe
581 1124 683 1156 non
711 1124 810 1158 tam
849 1112 1079 1164 Litterati
1124 1114 1374 1173 homines,
1415 1129 1620 1178 quorum
1669 1113 1733 1163 est
1780 1115 1889 1164 sane
1913 1116 2249 1181 ‚graviffimum
2281 1114 2406 1172 judi-

358 1173 510 1225 cium,
548 1174 632 1232 qui
660 1187 842 1235 negant
869 1178 1134 1237 quidquam
1168 1179 1262 1225 iilis
1288 1195 1376 1240 par
1404 1191 1489 1225 aut
1536 1178 1794 1227 secundum
1835 1181 1938 1241 post
1984 1183 2222 1230 restitutas
2258 1181 2404 1230 Latio

359 1235 552 1286 litteras
579 1239 626 1281 in
669 1239 836 1285 eodem
873 1239 1105 1285 scribendi
1132 1254 1308 1301 genere
1341 1241 1583 1299 extitisse„
1620 1256 1765 1304 quam
1813 1245 2160 1309 Typographi‚
2202 1247 2289 1309 qui
2329 1247 2404 1295 in-

360 1307 436 1345 tra
466 1311 643 1356 paucos
677 1300 1022 1350 hoscemenses
1048 1305 1304 1367 quinquies
1336 1303 1432 1362 jam
1460 1319 1542 1351 eos
1572 1305 1713 1352 edere
1754 1307 1801 1354 in
1853 1310 1996 1356 Italia
2035 1309 2188 1357 coafii
2235 1309 2345 1356 sunt
2382 1338 2405 1367 ‚

357 1360 635 1420 intelligere
676 1363 900 1418 possunt.
931 1367 1140 1418 Verum,
1169 1380 1223 1411 ut
1253 1367 1360 1410 sunt
1383 1367 1776 1422 praestantiffima
1799 1385 2022 1432 quaeque
2046 1373 2263 1420 in‘vidiae
2297 1386 2401 1420 ma-

355 1424 485 1471 xime
510 1421 955 1486 obtreflationique
981 1425 1195 1471 obnoxia
1215 1452 1232 1480 ,
1267 1427 1492 1473 inventus
1517 1426 1580 1471 est
1613 1430 1883 1474 Litterator
1928 1433 2126 1491 quidam
2150 1464 2169 1490 ,
2212 1435 2398 1497 alpha-a

356 1488 740 1544 Graeculorum,
780 1503 836 1535 ac
872 1487 1018 1550 plane
1052 1488 1133 1536 iiie
1173 1488 1301 1550 ipse,
1335 1498 1391 1536 ut
1422 1497 1543 1549 puto
1565 1517 1582 1545 ,
1626 1488 1827 1545 Rullus,
1868 1505 2011 1554 quem
2045 1494 2107 1541 ab
2150 1498 2301 1546 Lucio
2330 1499 2400 1546 le.

355 1550 588 1614 pidissime
621 1553 856 1609 inlusum,
885 1553 1012 1601 nosse
1038 1567 1204 1600 omnes
1235 1553 1547 1600 vehementer
1578 1551 1924 1616 cupiebamus:
1974 1558 2094 1620 qui,
2121 1573 2269 1622 quum
2307 1574 2398 1609 nec

359 1616 629 1664 sermonum
677 1616 964 1665 sententiam
1006 1618 1296 1680 adsequutus
1338 1617 1452 1666 esset
1486 1616 1588 1680 (in
1623 1631 1752 1680 quo,
1786 1633 1898 1667 vere
1943 1633 1998 1669 ut
2048 1621 2241 1680 dicam,
2294 1638 2395 1675 non

356 1681 496 1742 ipsius
517 1710 532 1736 ,
573 1681 648 1728 sed
682 1684 811 1729 Lucii
841 1682 1007 1744 ,quod
1036 1684 1163 1730 bona
1194 1683 1321 1729 tanti
1354 1681 1444 1729 viri
1479 1682 1620 1728 venia
1655 1682 1832 1732 d'iGium
1865 1683 2048 1744 veiim,
2084 1689 2228 1751 culpa
2271 1703 2396 1738 non-

359 1746 492 1792 nulla
534 1744 627 1802 est,
677 1748 759 1807 qui
805 1745 984 1803 iatine,
1016 1761 1159 1810 quam
1207 1747 1372 1794 italice
1419 1745 1619 1793 scribere
1663 1746 1742 1795 sua
1775 1747 1860 1795 illa
1896 1751 2132 1800 maluisset
2163 1756 2224 1817 ):
2254 1767 2343 1803 nec
2378 1782 2400 1812 ‚

361 1825 566 1872 quorum
597 1811 844 1859 hominum
884 1813 932 1859 in
969 1812 1026 1859 iis
1056 1811 1346 1859 sermonibus
1379 1810 1583 1866 levitas,
1615 1825 1703 1859 nec
1728 1827 1756 1859 a
1794 1827 1895 1875 quo
1928 1817 2402 1876 traduceretur,sci-

358 1887 434 1920 ret
461 1892 470 1931 ;
504 1887 665 1921 tamen
694 1875 1010 1936 respondendi
1039 1878 1336 1937 provinciam
1368 1873 1590 1922 audacter
1620 1875 1890 1939 suscoepit:
1927 1878 2012 1937 &,
2051 1882 2152 1942 post
2196 1883 2397 1945 longam

357 1937 674 1999 plurimorum
707 1939 891 1987 dierum
931 1942 1395 1988 commentationem
1418 1969 1434 1996 ,
1466 1939 1592 1987 mole
1626 1942 1820 2002 quidem
1865 1947 2092 2007 exiguum
2114 1976 2131 2003 ,
2176 1944 2252 1994 sed
2289 1948 2395 1995 odii

359 2003 663 2057 acerbitate,
710 2004 784 2050 sed
816 2005 1129 2053 maledicendi
1161 2006 1356 2053 licentia
1379 2035 1394 2061 ‚
1435 2003 1511 2051 sed
1547 2004 1880 2054 obscaenitate
1926 2010 2183 2057 verborum
2225 2011 2397 2059 imma-

359 2080 470 2112 nem
503 2067 718 2115 iibellum
748 2070 915 2117 italico
943 2069 1186 2125 sermone,
1209 2069 1290 2117 sub
1320 2069 1513 2118 Ceseilii
1545 2071 1772 2125 nomine,
1804 2071 2061 2135 vulgavit.
2089 2074 2289 2137 Negant
2310 2091 2397 2138 pe·

357 2131 551 2178 ritiores
574 2162 587 2187 ,
633 2136 892 2195 quidquam
921 2134 980 2180 ad
1014 2137 1136 2182 hanc
1164 2135 1289 2181 diem
1322 2146 1409 2182 aut
1441 2134 1858 2191 contumeliosius,
1901 2149 1985 2185 aut
2020 2139 2351 2200 impudentius
2373 2169 2399 2198 2

361 2209 448 2242 aut
485 2199 744 2257 impurius,
784 2211 870 2245 aut
901 2201 1102 2246 omnino
1139 2201 1345 2247 tenebris
1371 2199 1562 2261 dignius
1589 2200 1637 2245 in
1680 2199 1831 2246 iucem
1860 2201 2114 2262 prodiisse.
2151 2205 2396 2256 Primum...

366 2262 559 2321 quidem
594 2263 938 2322 suspicionibus
965 2265 1125 2311 nescio
1163 2265 1333 2326 quibus
1363 2263 1481 2318 suis,
1514 2274 1645 2310 certe
1679 2265 1902 2313 inanibus
1942 2281 1998 2314 ac
2031 2267 2180 2324 falsis,
2218 2266 2393 2317 effrons

365 2327 670 2372 conviciator
701 2326 947 2381 inducias,
979 2329 1172 2381 statuit,
1202 2330 1330 2375 Lucii
1379 2328 1614 2374 sermones
1646 2343 1740 2374 non
1775 2330 1833 2377 ad
1879 2332 2226 2380 Graeculorum
2268 2333 2395 2380 levi-

365 2400 518 2436 tatem
553 2393 821 2452 generatim
850 2396 1222 2455 exagitandam,
1266 2393 1340 2440 sed
1374 2395 1431 2440 ad
1470 2405 1709 2439 certorum
1743 2396 2059 2455 quorumdam
2097 2398 2345 2444 hominum
2373 2426 2395 2454 ,

365 2467 568 2515 quorum
597 2455 656 2502 esi
694 2471 918 2517 magnum
957 2461 1001 2504 in
1034 2459 1207 2503 litteris
1248 2472 1453 2511 nomen,
1478 2457 1773 2518 dignitatem
1803 2471 1952 2521 atque
1993 2460 2396 2511 existimationem

366 2519 705 2575 minuendam,
733 2520 863 2567 furii‘e
905 2523 1218 2583 conipoiitns:
1270 2534 1370 2568 tum
1415 2521 1622 2577 deinde,
1674 2525 1868 2570 Lucium
1911 2524 2060 2585 ipsum
2098 2526 2348 2575 SeCianum
2374 2556 2395 2585 ,

363 2595 461 2627 non
491 2598 634 2630 unum
671 2586 925 2647 quemdam
955 2590 1196 2634 honnnem
1226 2586 1302 2633 sibi
1342 2590 1596 2648 ignotum,
1631 2586 1704 2633 sed
1732 2587 1883 2643 duos,
1922 2589 2066 2650 plane
2094 2589 2394 2649 notiffimos‚

363 2661 417 2692 ac
450 2659 637 2695 tanturn
669 2665 763 2695 non
794 2653 1164 2698 contubernaits
1198 2651 1330 2703 suos,
1368 2656 1448 2713 qui
1487 2651 1721 2697 sermones
1750 2651 1856 2698 illos
1878 2653 2078 2701 conlato
2110 2653 2260 2703 studio
2275 2672 2393 2706 con-

365 2709 670 2770 scripsissent,
704 2714 780 2761 sibi
826 2729 1070 2779 tamquam
1101 2715 1523 2776 exploratissimum
1552 2716 1775 2776 persuasit
1799 2747 1813 2761 .
1849 2719 2039 2774 Homo,
2081 2721 2164 2781 qui
2209 2720 2253 2768 se
2297 2736 2393 2770 non

365 2776 508 2821 modo
542 2778 740 2825 criticae
769 2781 884 2827 artis
918 2783 1124 2841 peritum
1158 2783 1204 2827 in
1238 2780 1317 2826 suo
1345 2780 1430 2827 iiio
1476 2781 1642 2827 misero
1676 2795 1731 2827 ac
1763 2781 2030 2830 miserando
2073 2783 2272 2840 libello,
2318 2785 2396 2832 sed

363 2852 515 2898 prope
565 2855 821 2900 patronum
864 2860 917 2890 ac
960 2844 1199 2892 vindicem
1247 2843 1501 2899 venditat,
1532 2860 1627 2891 non
1673 2847 2053 2903 animadvertit,
2086 2851 2133 2895 in
2180 2848 2395 2911 graviff-

362 2903 449 2947 mis
485 2906 620 2951 rebus
645 2935 660 2959 ,
708 2908 754 2953 in
794 2910 1061 2972 quibusque
1085 2906 1502 2956 honestiffimorum
1533 2910 1780 2956 hominum
1820 2908 1943 2958 fama
1972 2925 2120 2975 atque
2159 2914 2396 2961 existima-

367 2966 438 3011 tio
481 2981 734 3027 ageretur,
762 2986 855 3018 non
887 2975 1017 3035 vuigi
1052 2974 1456 3021 circumforaneos
1503 2974 1796 3023 rumusculos
1836 2978 2131 3037 captandos,
2181 2992 2265 3024 nec
2303 2978 2392 3027 suis

366 3028 709 3090 suspicionibus
738 3035 825 3080 effe
854 3037 1092 3085 fidendum
1115 3056 1137 3095 ,·
1164 3038 1239 3085 sed
1266 3037 1529 3085 certiffimis
1559 3054 1614 3085 ac
1652 3039 1793 3099 plane
1841 3041 2096 3102 perspicuis
2140 3055 2392 3102 argumen-

364 3093 458 3147 tis,
498 3110 589 3141 non
618 3096 727 3144 dico
770 3097 1062 3159 sapientem,
1094 3101 1168 3150 sed
1206 3101 1365 3150 sanum
1395 3104 1504 3151 duci
1546 3116 1801 3165 oportere.
1828 3105 1975 3164 Quod
2004 3108 2150 3166 ipsum
2181 3107 2392 3154 ubicon-

362 3156 542 3219 tingit,
580 3173 633 3207 ut
666 3173 801 3209 certo
828 3165 1073 3223 personam
1118 3169 1397 3229 crimenque
1436 3179 1714 3224 teneamus,
1757 3170 2015 3216 videndum
2061 3181 2218 3216 tamen
2260 3173 2390 3222 elie,

364 3223 513 3269 etiam
542 3236 689 3285 atque
722 3228 902 3281 etiam,
938 3243 1034 3289 quo
1062 3245 1208 3292 usque
1233 3232 1458 3293 progredi
1489 3233 1625 3280 nobis
1653 3235 1700 3279 in
1730 3230 1831 3289 iure
1858 3234 2011 3280 nostro
2043 3235 2305 3296 repetendo
2332 3235 2392 3300 112

363 3298 501 3337 ceat:
536 3302 599 3338 ne
623 3289 781 3350 forte,
808 3292 920 3341 dum
956 3291 1178 3352 injuriam
1209 3294 1488 3359 propulsare
1522 3297 1772 3357 volumuS,
1799 3294 2084 3348 inferamus.

1277 3359 1340 3422 ἢ
1375 3362 1412 3427 †
1478 3376 1510 3414 2
2192 3368 2327 3418 Haec
