<?xml version="1.0" encoding="UTF-8"?>
<!DOCTYPE html PUBLIC "-//W3C//DTD XHTML 1.0 Transitional//EN"
    "http://www.w3.org/TR/xhtml1/DTD/xhtml1-transitional.dtd">
<html xmlns="http://www.w3.org/1999/xhtml" xml:lang="en" lang="en">
 <head>
  <title>
</title>
<meta http-equiv="Content-Type" content="text/html;charset=utf-8" />
  <meta name='ocr-system' content='tesseract 3.04.00' />
  <meta name='ocr-capabilities' content='ocr_page ocr_carea ocr_par ocr_line ocrx_word'/>
</head>
<body>
  <div class='ocr_page' id='page_1' title='image "./lsectaniqfilpseu00corduoft_0043.png"; bbox 0 0 2654 4085; ppageno 0'>
   <div class='ocr_carea' id='block_1_1' title="bbox 943 400 2261 511">
    <p class='ocr_par' dir='ltr' id='par_1_1' title="bbox 943 400 2261 511">
     <span class='ocr_line' id='line_1_1' title="bbox 943 400 2261 511; baseline -0.008 -26"><span class='ocrx_word' id='word_1_1' title='bbox 943 400 1723 511; x_wconf 85' lang='lat' dir='ltr'><strong>QUINTUS.</strong></span> <span class='ocrx_word' id='word_1_2' title='bbox 2168 423 2261 488; x_wconf 73' lang='lat' dir='ltr'>z!</span> 
     </span>
    </p>
   </div>
   <div class='ocr_carea' id='block_1_2' title="bbox 318 551 2386 3512">
    <p class='ocr_par' dir='ltr' id='par_1_2' title="bbox 330 551 2371 758">
     <span class='ocr_line' id='line_1_2' title="bbox 396 551 2371 630; baseline -0.011 -11"><span class='ocrx_word' id='word_1_3' title='bbox 396 562 467 619; x_wconf 67' lang='grc' dir='ltr'>Ψ.</span> <span class='ocrx_word' id='word_1_4' title='bbox 506 562 582 626; x_wconf 75' lang='lat'>36-</span> <span class='ocrx_word' id='word_1_5' title='bbox 617 561 690 625; x_wconf 80' lang='lat' dir='ltr'>[h]</span> <span class='ocrx_word' id='word_1_6' title='bbox 726 561 926 630; x_wconf 76' lang='lat' dir='ltr'>Longum</span> <span class='ocrx_word' id='word_1_7' title='bbox 950 566 1001 614; x_wconf 70' lang='grc' dir='ltr'>ό·</span> <span class='ocrx_word' id='word_1_8' title='bbox 1037 565 1186 626; x_wconf 83' lang='lat' dir='ltr'>nostro</span> <span class='ocrx_word' id='word_1_9' title='bbox 1214 578 1308 612; x_wconf 87' lang='lat' dir='ltr'>cum</span> <span class='ocrx_word' id='word_1_10' title='bbox 1336 556 1537 609; x_wconf 84' lang='lat' dir='ltr'><em>carmine</em></span> <span class='ocrx_word' id='word_1_11' title='bbox 1566 555 1716 607; x_wconf 79' lang='lat' dir='ltr'>vivat</span> <span class='ocrx_word' id='word_1_12' title='bbox 1734 586 1749 605; x_wconf 92' lang='grc'><strong>.</strong></span> <span class='ocrx_word' id='word_1_13' title='bbox 1787 551 2014 604; x_wconf 83' lang='lat' dir='ltr'>Eamdem</span> <span class='ocrx_word' id='word_1_14' title='bbox 2041 555 2249 605; x_wconf 86' lang='lat' dir='ltr'>nominis</span> <span class='ocrx_word' id='word_1_15' title='bbox 2277 556 2371 603; x_wconf 55' lang='lat' dir='ltr'>ima</span> 
     </span>
     <span class='ocr_line' id='line_1_3' title="bbox 330 618 2364 691; baseline -0.005 -14"><span class='ocrx_word' id='word_1_16' title='bbox 330 630 681 677; x_wconf 80' lang='lat' dir='ltr'>mortalitatem</span> <span class='ocrx_word' id='word_1_17' title='bbox 722 631 996 679; x_wconf 79' lang='lat' dir='ltr'>Philodemo</span> <span class='ocrx_word' id='word_1_18' title='bbox 1047 630 1117 677; x_wconf 88' lang='lat' dir='ltr'>illi</span> <span class='ocrx_word' id='word_1_19' title='bbox 1152 631 1267 687; x_wconf 87' lang='lat' dir='ltr'>suo,</span> <span class='ocrx_word' id='word_1_20' title='bbox 1298 641 1445 691; x_wconf 84' lang='lat' dir='ltr'>quam</span> <span class='ocrx_word' id='word_1_21' title='bbox 1476 623 1688 674; x_wconf 84' lang='lat' dir='ltr'>Cesellio</span> <span class='ocrx_word' id='word_1_22' title='bbox 1728 621 1900 673; x_wconf 87' lang='lat' dir='ltr'>Lucius</span> <span class='ocrx_word' id='word_1_23' title='bbox 1914 649 1933 680; x_wconf 70' lang='lat'><em>2</em></span> <span class='ocrx_word' id='word_1_24' title='bbox 1969 620 2218 686; x_wconf 83' lang='lat' dir='ltr'>pollicitus</span> <span class='ocrx_word' id='word_1_25' title='bbox 2256 618 2364 679; x_wconf 58' lang='lat' dir='ltr'>fueg</span> 
     </span>
     <span class='ocr_line' id='line_1_4' title="bbox 331 692 1847 758; baseline 0 -16"><span class='ocrx_word' id='word_1_26' title='bbox 331 705 408 742; x_wconf 84' lang='lat' dir='ltr'>tat</span> <span class='ocrx_word' id='word_1_27' title='bbox 432 692 643 756; x_wconf 83' lang='lat' dir='ltr'>Qintus</span> <span class='ocrx_word' id='word_1_28' title='bbox 678 695 819 743; x_wconf 87' lang='lat' dir='ltr'>Pater</span> <span class='ocrx_word' id='word_1_29' title='bbox 840 724 857 753; x_wconf 90' lang='lat'>,</span> <span class='ocrx_word' id='word_1_30' title='bbox 882 697 1051 758; x_wconf 87' lang='lat' dir='ltr'>Satyra</span> <span class='ocrx_word' id='word_1_31' title='bbox 1075 695 1125 742; x_wconf 90' lang='lat'>6.</span> <span class='ocrx_word' id='word_1_32' title='bbox 1844 696 1847 700; x_wconf 77' lang='grc'><em>’</em></span> 
     </span>
    </p>

    <p class='ocr_par' dir='ltr' id='par_1_3' title="bbox 584 755 1868 1263">
     <span class='ocr_line' id='line_1_5' title="bbox 593 755 1811 827; baseline -0.003 -21"><span class='ocrx_word' id='word_1_33' title='bbox 593 763 781 808; x_wconf 76' lang='lat' dir='ltr'><em>Interea</em></span> <span class='ocrx_word' id='word_1_34' title='bbox 805 773 977 825; x_wconf 81' lang='lat' dir='ltr'><em>grates</em></span> <span class='ocrx_word' id='word_1_35' title='bbox 1008 776 1124 827; x_wconf 83' lang='lat' dir='ltr'>quas</span> <span class='ocrx_word' id='word_1_36' title='bbox 1150 772 1201 807; x_wconf 78' lang='lat' dir='ltr'>tu</span> <span class='ocrx_word' id='word_1_37' title='bbox 1223 789 1240 815; x_wconf 88' lang='lat'>,</span> <span class='ocrx_word' id='word_1_38' title='bbox 1267 756 1529 806; x_wconf 83' lang='lat' dir='ltr'>Philodeme</span> <span class='ocrx_word' id='word_1_39' title='bbox 1546 784 1562 812; x_wconf 88' lang='lat'>,</span> <span class='ocrx_word' id='word_1_40' title='bbox 1590 755 1811 818; x_wconf 72' lang='lat' dir='ltr'>rependes</span> 
     </span>
     <span class='ocr_line' id='line_1_6' title="bbox 587 820 1815 888; baseline -0.002 -17"><span class='ocrx_word' id='word_1_41' title='bbox 587 823 776 888; x_wconf 81' lang='lat' dir='ltr'>Ingenio</span> <span class='ocrx_word' id='word_1_42' title='bbox 810 824 1066 883; x_wconf 70' lang='lat' dir='ltr'>Aut‘lorts;</span> <span class='ocrx_word' id='word_1_43' title='bbox 1097 824 1200 872; x_wconf 81' lang='lat' dir='ltr'>dum</span> <span class='ocrx_word' id='word_1_44' title='bbox 1243 841 1319 872; x_wconf 88' lang='lat' dir='ltr'>nec</span> <span class='ocrx_word' id='word_1_45' title='bbox 1356 820 1557 870; x_wconf 82' lang='lat' dir='ltr'><em>mercede</em></span> <span class='ocrx_word' id='word_1_46' title='bbox 1585 831 1815 878; x_wconf 65' lang='lat' dir='ltr'>coemtus,</span> 
     </span>
     <span class='ocr_line' id='line_1_7' title="bbox 585 887 1843 952; baseline 0 -18"><span class='ocrx_word' id='word_1_47' title='bbox 585 889 696 935; x_wconf 84' lang='lat' dir='ltr'>Nec</span> <span class='ocrx_word' id='word_1_48' title='bbox 715 887 879 946; x_wconf 83' lang='lat' dir='ltr'>studio</span> <span class='ocrx_word' id='word_1_49' title='bbox 895 889 1090 951; x_wconf 85' lang='lat' dir='ltr'>famae,</span> <span class='ocrx_word' id='word_1_50' title='bbox 1106 890 1233 952; x_wconf 70' lang='lat' dir='ltr'>fis-cit</span> <span class='ocrx_word' id='word_1_51' title='bbox 1262 887 1353 936; x_wconf 77' lang='lat' dir='ltr'>tihi</span> <span class='ocrx_word' id='word_1_52' title='bbox 1381 903 1534 934; x_wconf 85' lang='lat' dir='ltr'>nomen</span> <span class='ocrx_word' id='word_1_53' title='bbox 1560 888 1608 934; x_wconf 82' lang='lat' dir='ltr'>in</span> <span class='ocrx_word' id='word_1_54' title='bbox 1638 887 1843 934; x_wconf 70' lang='lat' dir='ltr'>aevum?</span> 
     </span>
     <span class='ocr_line' id='line_1_8' title="bbox 587 953 1837 1016; baseline -0.001 -18"><span class='ocrx_word' id='word_1_55' title='bbox 587 953 722 999; x_wconf 70' lang='lat' dir='ltr'>Nam</span> <span class='ocrx_word' id='word_1_56' title='bbox 739 954 985 1014; x_wconf 78' lang='lat' dir='ltr'>periturus</span> <span class='ocrx_word' id='word_1_57' title='bbox 1020 968 1128 1000; x_wconf 82' lang='lat' dir='ltr'>eras</span> <span class='ocrx_word' id='word_1_58' title='bbox 1149 953 1289 1016; x_wconf 81' lang='lat' dir='ltr'>foedo</span> <span class='ocrx_word' id='word_1_59' title='bbox 1316 969 1411 999; x_wconf 81' lang='lat' dir='ltr'>cum</span> <span class='ocrx_word' id='word_1_60' title='bbox 1437 966 1621 1014; x_wconf 78' lang='lat' dir='ltr'>corpore</span> <span class='ocrx_word' id='word_1_61' title='bbox 1638 980 1654 1007; x_wconf 85' lang='lat'>,</span> <span class='ocrx_word' id='word_1_62' title='bbox 1681 967 1760 998; x_wconf 83' lang='lat' dir='ltr'>nec</span> <span class='ocrx_word' id='word_1_63' title='bbox 1790 963 1837 998; x_wconf 83' lang='lat' dir='ltr'>te</span> 
     </span>
     <span class='ocr_line' id='line_1_9' title="bbox 584 1015 1784 1080; baseline -0.006 -15"><span class='ocrx_word' id='word_1_64' title='bbox 584 1017 741 1065; x_wconf 81' lang='lat' dir='ltr'>Aetas</span> <span class='ocrx_word' id='word_1_65' title='bbox 770 1018 1024 1074; x_wconf 63' lang='lat' dir='ltr'>vrvidt&#39;or,</span> <span class='ocrx_word' id='word_1_66' title='bbox 1058 1032 1191 1080; x_wconf 81' lang='lat' dir='ltr'>quam</span> <span class='ocrx_word' id='word_1_67' title='bbox 1214 1017 1360 1079; x_wconf 77' lang='lat' dir='ltr'>fungt</span> <span class='ocrx_word' id='word_1_68' title='bbox 1386 1015 1784 1070; x_wconf 75' lang='lat' dir='ltr'>vna,manebat.</span> 
     </span>
     <span class='ocr_line' id='line_1_10' title="bbox 588 1080 1694 1146; baseline -0.003 -19"><span class='ocrx_word' id='word_1_69' title='bbox 588 1082 663 1127; x_wconf 83' lang='lat' dir='ltr'>At</span> <span class='ocrx_word' id='word_1_70' title='bbox 688 1097 800 1128; x_wconf 86' lang='lat' dir='ltr'>nunc</span> <span class='ocrx_word' id='word_1_71' title='bbox 828 1080 1025 1146; x_wconf 77' lang='lat' dir='ltr'>ignarus</span> <span class='ocrx_word' id='word_1_72' title='bbox 1042 1081 1149 1145; x_wconf 72' lang='lat' dir='ltr'>fati</span> <span class='ocrx_word' id='word_1_73' title='bbox 1170 1109 1186 1135; x_wconf 87' lang='lat'>,</span> <span class='ocrx_word' id='word_1_74' title='bbox 1214 1081 1426 1143; x_wconf 81' lang='lat' dir='ltr'>bustoque</span> <span class='ocrx_word' id='word_1_75' title='bbox 1454 1080 1694 1142; x_wconf 65' lang='lat' dir='ltr'>sirpers‘ies</span> 
     </span>
     <span class='ocr_line' id='line_1_11' title="bbox 589 1140 1868 1208; baseline 0.001 -17"><span class='ocrx_word' id='word_1_76' title='bbox 589 1145 828 1204; x_wconf 70' lang='lat' dir='ltr'>Temporis</span> <span class='ocrx_word' id='word_1_77' title='bbox 854 1146 1089 1194; x_wconf 75' lang='lat' dir='ltr'>tnvidiam</span> <span class='ocrx_word' id='word_1_78' title='bbox 1104 1147 1302 1208; x_wconf 74' lang='lat' dir='ltr'>fhperas</span> <span class='ocrx_word' id='word_1_79' title='bbox 1318 1160 1333 1202; x_wconf 76' lang='lat'>3</span> <span class='ocrx_word' id='word_1_80' title='bbox 1363 1145 1443 1199; x_wconf 60' lang='grc' dir='ltr'>(θ’,</span> <span class='ocrx_word' id='word_1_81' title='bbox 1473 1159 1521 1190; x_wconf 85' lang='lat' dir='ltr'>m</span> <span class='ocrx_word' id='word_1_82' title='bbox 1547 1159 1623 1190; x_wconf 85' lang='lat' dir='ltr'>ore</span> <span class='ocrx_word' id='word_1_83' title='bbox 1658 1140 1868 1192; x_wconf 81' lang='lat' dir='ltr'>virorum</span> 
     </span>
     <span class='ocr_line' id='line_1_12' title="bbox 588 1207 1817 1263; baseline -0.001 -9"><span class='ocrx_word' id='word_1_84' title='bbox 588 1207 822 1255; x_wconf 80' lang='lat' dir='ltr'><em>Plurimus</em></span> <span class='ocrx_word' id='word_1_85' title='bbox 851 1236 868 1263; x_wconf 90' lang='lat'>‚</span> <span class='ocrx_word' id='word_1_86' title='bbox 885 1208 1078 1258; x_wconf 65' lang='lat' dir='ltr'>immitis</span> <span class='ocrx_word' id='word_1_87' title='bbox 1102 1223 1349 1256; x_wconf 71' lang='lat' dir='ltr'>contemnis</span> <span class='ocrx_word' id='word_1_88' title='bbox 1377 1209 1577 1256; x_wconf 82' lang='lat' dir='ltr'>vulnera</span> <span class='ocrx_word' id='word_1_89' title='bbox 1607 1209 1817 1256; x_wconf 85' lang='lat' dir='ltr'>Parcae.</span> 
     </span>
    </p>

    <p class='ocr_par' dir='ltr' id='par_1_4' title="bbox 323 1269 2379 1589">
     <span class='ocr_line' id='line_1_13' title="bbox 390 1269 2372 1335; baseline -0.002 -17"><span class='ocrx_word' id='word_1_90' title='bbox 390 1272 465 1326; x_wconf 64' lang='lat' dir='ltr'>Vl.</span> <span class='ocrx_word' id='word_1_91' title='bbox 495 1269 580 1320; x_wconf 85' lang='lat'>68.</span> <span class='ocrx_word' id='word_1_92' title='bbox 614 1270 683 1335; x_wconf 83' lang='lat' dir='ltr'>(i)</span> <span class='ocrx_word' id='word_1_93' title='bbox 720 1273 874 1335; x_wconf 82' lang='lat' dir='ltr'><em>Atque</em></span> <span class='ocrx_word' id='word_1_94' title='bbox 908 1272 1021 1321; x_wconf 82' lang='lat' dir='ltr'>hunc</span> <span class='ocrx_word' id='word_1_95' title='bbox 1059 1289 1154 1320; x_wconf 84' lang='lat' dir='ltr'>cum</span> <span class='ocrx_word' id='word_1_96' title='bbox 1185 1274 1334 1319; x_wconf 67' lang='lat' dir='ltr'>Sociis</span> <span class='ocrx_word' id='word_1_97' title='bbox 1365 1273 1590 1335; x_wconf 69' lang='lat' dir='ltr'>Ceselltus</span> <span class='ocrx_word' id='word_1_98' title='bbox 1617 1272 1707 1319; x_wconf 76' lang='lat' dir='ltr'>ibit</span> <span class='ocrx_word' id='word_1_99' title='bbox 1741 1273 1790 1318; x_wconf 82' lang='lat' dir='ltr'>in</span> <span class='ocrx_word' id='word_1_100' title='bbox 1822 1273 1970 1332; x_wconf 64' lang='lat' dir='ltr'>ufiaem·</span> <span class='ocrx_word' id='word_1_101' title='bbox 2021 1269 2139 1321; x_wconf 71' lang='lat' dir='ltr'>ideo</span> <span class='ocrx_word' id='word_1_102' title='bbox 2179 1287 2272 1318; x_wconf 83' lang='lat' dir='ltr'>cum</span> <span class='ocrx_word' id='word_1_103' title='bbox 2293 1270 2372 1329; x_wconf 67' lang='lat' dir='ltr'>fi)-</span> 
     </span>
     <span class='ocr_line' id='line_1_14' title="bbox 325 1334 2374 1399; baseline -0.004 -15"><span class='ocrx_word' id='word_1_104' title='bbox 325 1334 417 1387; x_wconf 77' lang='lat' dir='ltr'>ciis</span> <span class='ocrx_word' id='word_1_105' title='bbox 445 1335 604 1392; x_wconf 80' lang='lat' dir='ltr'>dixit,</span> <span class='ocrx_word' id='word_1_106' title='bbox 630 1348 684 1383; x_wconf 89' lang='lat' dir='ltr'>ut</span> <span class='ocrx_word' id='word_1_107' title='bbox 722 1335 1042 1398; x_wconf 78' lang='lat' dir='ltr'>significaret,</span> <span class='ocrx_word' id='word_1_108' title='bbox 1076 1337 1120 1384; x_wconf 93' lang='lat' dir='ltr'>se</span> <span class='ocrx_word' id='word_1_109' title='bbox 1149 1351 1245 1384; x_wconf 88' lang='lat' dir='ltr'>non</span> <span class='ocrx_word' id='word_1_110' title='bbox 1276 1336 1423 1384; x_wconf 91' lang='lat' dir='ltr'>modo</span> <span class='ocrx_word' id='word_1_111' title='bbox 1456 1335 1573 1382; x_wconf 86' lang='lat' dir='ltr'>nihil</span> <span class='ocrx_word' id='word_1_112' title='bbox 1601 1336 1821 1383; x_wconf 89' lang='lat' dir='ltr'>italicum</span> <span class='ocrx_word' id='word_1_113' title='bbox 1854 1347 1936 1382; x_wconf 88' lang='lat' dir='ltr'>aut</span> <span class='ocrx_word' id='word_1_114' title='bbox 1965 1338 2113 1382; x_wconf 89' lang='lat' dir='ltr'>etiam</span> <span class='ocrx_word' id='word_1_115' title='bbox 2145 1334 2374 1399; x_wconf 82' lang='lat' dir='ltr'>latinum,</span> 
     </span>
     <span class='ocr_line' id='line_1_15' title="bbox 324 1398 2376 1459; baseline -0.004 -11"><span class='ocrx_word' id='word_1_116' title='bbox 324 1410 663 1448; x_wconf 83' lang='lat' dir='ltr'>verumtamen</span> <span class='ocrx_word' id='word_1_117' title='bbox 695 1414 791 1445; x_wconf 89' lang='lat' dir='ltr'>non</span> <span class='ocrx_word' id='word_1_118' title='bbox 826 1400 1093 1446; x_wconf 71' lang='lat' dir='ltr'>liberaliter</span> <span class='ocrx_word' id='word_1_119' title='bbox 1118 1399 1408 1459; x_wconf 87' lang='lat' dir='ltr'>honesteque</span> <span class='ocrx_word' id='word_1_120' title='bbox 1440 1400 1703 1458; x_wconf 88' lang='lat' dir='ltr'>scriptum,</span> <span class='ocrx_word' id='word_1_121' title='bbox 1740 1398 1963 1451; x_wconf 84' lang='lat' dir='ltr'>Cesellii‚</span> <span class='ocrx_word' id='word_1_122' title='bbox 1997 1398 2073 1444; x_wconf 91' lang='lat' dir='ltr'>sed</span> <span class='ocrx_word' id='word_1_123' title='bbox 2125 1413 2183 1445; x_wconf 90' lang='lat' dir='ltr'>ne</span> <span class='ocrx_word' id='word_1_124' title='bbox 2222 1408 2376 1452; x_wconf 74' lang='lat' dir='ltr'>cujus—</span> 
     </span>
     <span class='ocr_line' id='line_1_16' title="bbox 323 1458 2379 1526; baseline -0.002 -18"><span class='ocrx_word' id='word_1_125' title='bbox 323 1476 470 1526; x_wconf 87' lang='lat' dir='ltr'><strong>quam</strong></span> <span class='ocrx_word' id='word_1_126' title='bbox 500 1461 728 1524; x_wconf 89' lang='lat' dir='ltr'>quidem‚</span> <span class='ocrx_word' id='word_1_127' title='bbox 771 1462 856 1520; x_wconf 73' lang='lat' dir='ltr'>qui</span> <span class='ocrx_word' id='word_1_128' title='bbox 884 1461 1206 1507; x_wconf 84' lang='lat' dir='ltr'>Cesellianam</span> <span class='ocrx_word' id='word_1_129' title='bbox 1235 1468 1323 1503; x_wconf 84' lang='lat' dir='ltr'>aut</span> <span class='ocrx_word' id='word_1_130' title='bbox 1357 1458 1601 1501; x_wconf 83' lang='lat' dir='ltr'>inscitiam</span> <span class='ocrx_word' id='word_1_131' title='bbox 1630 1471 1716 1502; x_wconf 83' lang='lat' dir='ltr'>aut</span> <span class='ocrx_word' id='word_1_132' title='bbox 1743 1458 2094 1516; x_wconf 84' lang='lat' dir='ltr'>impudentiam</span> <span class='ocrx_word' id='word_1_133' title='bbox 2123 1462 2342 1508; x_wconf 84' lang='lat' dir='ltr'>imitetur</span> <span class='ocrx_word' id='word_1_134' title='bbox 2361 1484 2379 1513; x_wconf 70' lang='lat'><em>2</em></span> 
     </span>
     <span class='ocr_line' id='line_1_17' title="bbox 324 1525 1647 1589; baseline -0.003 -17"><span class='ocrx_word' id='word_1_135' title='bbox 324 1525 520 1589; x_wconf 83' lang='lat' dir='ltr'>posthac</span> <span class='ocrx_word' id='word_1_136' title='bbox 542 1536 822 1571; x_wconf 88' lang='lat' dir='ltr'>curaturum</span> <span class='ocrx_word' id='word_1_137' title='bbox 844 1551 860 1568; x_wconf 93' lang='grc'><strong>.</strong></span> <span class='ocrx_word' id='word_1_138' title='bbox 1637 1551 1647 1560; x_wconf 95' lang='grc'>-</span> 
     </span>
    </p>

    <p class='ocr_par' dir='ltr' id='par_1_5' title="bbox 318 1582 2386 3008">
     <span class='ocr_line' id='line_1_18' title="bbox 394 1582 2381 1653; baseline -0.001 -18"><span class='ocrx_word' id='word_1_139' title='bbox 394 1587 462 1643; x_wconf 68' lang='grc' dir='ltr'>Ψ.</span> <span class='ocrx_word' id='word_1_140' title='bbox 496 1588 581 1650; x_wconf 87' lang='lat'>69.</span> <span class='ocrx_word' id='word_1_141' title='bbox 619 1586 688 1648; x_wconf 79' lang='lat' dir='ltr'>[k]</span> <span class='ocrx_word' id='word_1_142' title='bbox 732 1587 922 1653; x_wconf 80' lang='lat' dir='ltr'>Qanto</span> <span class='ocrx_word' id='word_1_143' title='bbox 954 1585 1131 1635; x_wconf 60' lang='lat' dir='ltr'>restim</span> <span class='ocrx_word' id='word_1_144' title='bbox 1161 1584 1236 1635; x_wconf 85' lang='lat' dir='ltr'>hic</span> <span class='ocrx_word' id='word_1_145' title='bbox 1253 1616 1270 1644; x_wconf 91' lang='lat'>‚</span> <span class='ocrx_word' id='word_1_146' title='bbox 1294 1582 1411 1633; x_wconf 83' lang='lat' dir='ltr'>latio</span> <span class='ocrx_word' id='word_1_147' title='bbox 1439 1583 1519 1649; x_wconf 82' lang='lat' dir='ltr'>qui</span> <span class='ocrx_word' id='word_1_148' title='bbox 1529 1584 1714 1649; x_wconf 78' lang='lat' dir='ltr'>firipta</span> <span class='ocrx_word' id='word_1_149' title='bbox 1738 1584 1883 1634; x_wconf 79' lang='lat' dir='ltr'>colore</span> <span class='ocrx_word' id='word_1_150' title='bbox 1911 1582 2185 1652; x_wconf 79' lang='lat' dir='ltr'>Divulgare</span> <span class='ocrx_word' id='word_1_151' title='bbox 2211 1586 2381 1635; x_wconf 76' lang='lat' dir='ltr'>timet?</span> 
     </span>
     <span class='ocr_line' id='line_1_19' title="bbox 321 1649 2381 1715; baseline -0.002 -14"><span class='ocrx_word' id='word_1_152' title='bbox 321 1652 574 1709; x_wconf 63' lang='lat' dir='ltr'>Haflenus</span> <span class='ocrx_word' id='word_1_153' title='bbox 614 1652 809 1715; x_wconf 87' lang='lat' dir='ltr'>quidem</span> <span class='ocrx_word' id='word_1_154' title='bbox 848 1651 908 1699; x_wconf 89' lang='lat' dir='ltr'>de</span> <span class='ocrx_word' id='word_1_155' title='bbox 933 1652 1170 1699; x_wconf 83' lang='lat' dir='ltr'>Cesellio:</span> <span class='ocrx_word' id='word_1_156' title='bbox 1212 1665 1300 1700; x_wconf 88' lang='lat' dir='ltr'>nec</span> <span class='ocrx_word' id='word_1_157' title='bbox 1325 1649 1386 1697; x_wconf 89' lang='lat' dir='ltr'>de</span> <span class='ocrx_word' id='word_1_158' title='bbox 1417 1666 1511 1706; x_wconf 86' lang='lat' dir='ltr'>eo,</span> <span class='ocrx_word' id='word_1_159' title='bbox 1547 1663 1795 1714; x_wconf 81' lang='lat' dir='ltr'>tamquam</span> <span class='ocrx_word' id='word_1_160' title='bbox 1820 1651 1881 1698; x_wconf 89' lang='lat' dir='ltr'>de</span> <span class='ocrx_word' id='word_1_161' title='bbox 1918 1651 2171 1712; x_wconf 70' lang='lat' dir='ltr'>deposito,</span> <span class='ocrx_word' id='word_1_162' title='bbox 2216 1652 2381 1701; x_wconf 87' lang='lat' dir='ltr'>memi-</span> 
     </span>
     <span class='ocr_line' id='line_1_20' title="bbox 321 1714 2378 1779; baseline -0.001 -14"><span class='ocrx_word' id='word_1_163' title='bbox 321 1721 397 1766; x_wconf 90' lang='lat' dir='ltr'>nit</span> <span class='ocrx_word' id='word_1_164' title='bbox 425 1717 634 1778; x_wconf 84' lang='lat' dir='ltr'>amplius</span> <span class='ocrx_word' id='word_1_165' title='bbox 664 1731 865 1779; x_wconf 80' lang='lat' dir='ltr'>usquam</span> <span class='ocrx_word' id='word_1_166' title='bbox 903 1718 1054 1765; x_wconf 74' lang='lat' dir='ltr'>Poeta</span> <span class='ocrx_word' id='word_1_167' title='bbox 1077 1745 1093 1762; x_wconf 93' lang='grc'><strong>.</strong></span> <span class='ocrx_word' id='word_1_168' title='bbox 1129 1717 1372 1776; x_wconf 86' lang='lat' dir='ltr'>Deinceps</span> <span class='ocrx_word' id='word_1_169' title='bbox 1402 1714 1555 1762; x_wconf 87' lang='lat' dir='ltr'>sermo</span> <span class='ocrx_word' id='word_1_170' title='bbox 1588 1715 1658 1762; x_wconf 91' lang='lat' dir='ltr'>illi</span> <span class='ocrx_word' id='word_1_171' title='bbox 1694 1729 1750 1762; x_wconf 85' lang='lat' dir='ltr'>ac</span> <span class='ocrx_word' id='word_1_172' title='bbox 1779 1732 1851 1763; x_wconf 89' lang='lat' dir='ltr'>res</span> <span class='ocrx_word' id='word_1_173' title='bbox 1879 1716 1939 1763; x_wconf 87' lang='lat' dir='ltr'>est</span> <span class='ocrx_word' id='word_1_174' title='bbox 1965 1731 2072 1764; x_wconf 89' lang='lat' dir='ltr'>cum</span> <span class='ocrx_word' id='word_1_175' title='bbox 2106 1718 2207 1764; x_wconf 86' lang='lat' dir='ltr'>alio</span> <span class='ocrx_word' id='word_1_176' title='bbox 2257 1731 2378 1778; x_wconf 78' lang='lat' dir='ltr'>quo-</span> 
     </span>
     <span class='ocr_line' id='line_1_21' title="bbox 323 1781 2378 1844; baseline -0.002 -14"><span class='ocrx_word' id='word_1_177' title='bbox 323 1782 436 1830; x_wconf 89' lang='lat' dir='ltr'>dam</span> <span class='ocrx_word' id='word_1_178' title='bbox 457 1798 473 1830; x_wconf 88' lang='lat'><em>:</em></span> <span class='ocrx_word' id='word_1_179' title='bbox 503 1781 564 1828; x_wconf 90' lang='lat' dir='ltr'>de</span> <span class='ocrx_word' id='word_1_180' title='bbox 595 1795 693 1844; x_wconf 93' lang='lat' dir='ltr'>quo</span> <span class='ocrx_word' id='word_1_181' title='bbox 722 1782 802 1829; x_wconf 89' lang='lat' dir='ltr'>diu</span> <span class='ocrx_word' id='word_1_182' title='bbox 834 1783 1056 1842; x_wconf 86' lang='lat' dir='ltr'>equidem</span> <span class='ocrx_word' id='word_1_183' title='bbox 1083 1781 1309 1829; x_wconf 87' lang='lat' dir='ltr'>dubitavi</span> <span class='ocrx_word' id='word_1_184' title='bbox 1331 1796 1354 1836; x_wconf 90' lang='lat'><em>;</em></span> <span class='ocrx_word' id='word_1_185' title='bbox 1384 1794 1541 1842; x_wconf 84' lang='lat' dir='ltr'>neque</span> <span class='ocrx_word' id='word_1_186' title='bbox 1575 1794 1692 1827; x_wconf 88' lang='lat' dir='ltr'>vero</span> <span class='ocrx_word' id='word_1_187' title='bbox 1723 1793 1880 1828; x_wconf 87' lang='lat' dir='ltr'>certus</span> <span class='ocrx_word' id='word_1_188' title='bbox 1910 1782 2232 1829; x_wconf 80' lang='lat' dir='ltr'>animiadhuc</span> <span class='ocrx_word' id='word_1_189' title='bbox 2249 1781 2378 1828; x_wconf 84' lang='lat' dir='ltr'>sum.</span> 
     </span>
     <span class='ocr_line' id='line_1_22' title="bbox 322 1843 2381 1908; baseline -0.002 -14"><span class='ocrx_word' id='word_1_190' title='bbox 322 1847 439 1894; x_wconf 86' lang='lat' dir='ltr'>Fuit</span> <span class='ocrx_word' id='word_1_191' title='bbox 470 1860 619 1908; x_wconf 91' lang='lat' dir='ltr'>quum</span> <span class='ocrx_word' id='word_1_192' title='bbox 646 1845 998 1902; x_wconf 69' lang='lat' dir='ltr'>existimarem,</span> <span class='ocrx_word' id='word_1_193' title='bbox 1040 1843 1290 1907; x_wconf 82' lang='lat' dir='ltr'>significari</span> <span class='ocrx_word' id='word_1_194' title='bbox 1332 1844 1393 1891; x_wconf 88' lang='lat' dir='ltr'>ab</span> <span class='ocrx_word' id='word_1_195' title='bbox 1419 1859 1477 1890; x_wconf 93' lang='lat' dir='ltr'>eo</span> <span class='ocrx_word' id='word_1_196' title='bbox 1519 1845 1773 1892; x_wconf 86' lang='lat' dir='ltr'>Eruditum</span> <span class='ocrx_word' id='word_1_197' title='bbox 1808 1848 2063 1906; x_wconf 80' lang='lat' dir='ltr'>quemdam</span> <span class='ocrx_word' id='word_1_198' title='bbox 2106 1846 2381 1899; x_wconf 86' lang='lat' dir='ltr'>Etruscum,</span> 
     </span>
     <span class='ocr_line' id='line_1_23' title="bbox 326 1907 2380 1971; baseline -0.002 -13"><span class='ocrx_word' id='word_1_199' title='bbox 326 1907 461 1967; x_wconf 85' lang='lat' dir='ltr'>cuius</span> <span class='ocrx_word' id='word_1_200' title='bbox 490 1924 670 1957; x_wconf 89' lang='lat' dir='ltr'>nomen</span> <span class='ocrx_word' id='word_1_201' title='bbox 700 1910 773 1957; x_wconf 85' lang='lat' dir='ltr'>ita</span> <span class='ocrx_word' id='word_1_202' title='bbox 805 1910 956 1958; x_wconf 87' lang='lat' dir='ltr'>Patris</span> <span class='ocrx_word' id='word_1_203' title='bbox 994 1910 1200 1957; x_wconf 78' lang='lat' dir='ltr'>Venturi</span> <span class='ocrx_word' id='word_1_204' title='bbox 1229 1909 1411 1956; x_wconf 90' lang='lat' dir='ltr'>nomini</span> <span class='ocrx_word' id='word_1_205' title='bbox 1439 1909 1807 1969; x_wconf 89' lang='lat' dir='ltr'>obponitur,ut</span> <span class='ocrx_word' id='word_1_206' title='bbox 1835 1913 2151 1971; x_wconf 85' lang='lat' dir='ltr'>praeteritum</span> <span class='ocrx_word' id='word_1_207' title='bbox 2180 1910 2380 1956; x_wconf 88' lang='lat' dir='ltr'>verbum</span> 
     </span>
     <span class='ocr_line' id='line_1_24' title="bbox 327 1972 2381 2036; baseline -0.001 -15"><span class='ocrx_word' id='word_1_208' title='bbox 327 1973 534 2022; x_wconf 81' lang='lat' dir='ltr'>futuro:</span> <span class='ocrx_word' id='word_1_209' title='bbox 570 1989 598 2021; x_wconf 88' lang='lat' dir='ltr'>a</span> <span class='ocrx_word' id='word_1_210' title='bbox 626 1989 726 2036; x_wconf 91' lang='lat' dir='ltr'>quo</span> <span class='ocrx_word' id='word_1_211' title='bbox 757 1974 961 2021; x_wconf 83' lang='lat' dir='ltr'>latinam</span> <span class='ocrx_word' id='word_1_212' title='bbox 997 1984 1232 2035; x_wconf 86' lang='lat' dir='ltr'>quattuor</span> <span class='ocrx_word' id='word_1_213' title='bbox 1255 1975 1388 2022; x_wconf 88' lang='lat' dir='ltr'>Lucii</span> <span class='ocrx_word' id='word_1_214' title='bbox 1421 1972 1687 2023; x_wconf 80' lang='lat' dir='ltr'>sermonum</span> <span class='ocrx_word' id='word_1_215' title='bbox 1714 1972 2102 2022; x_wconf 85' lang='lat' dir='ltr'>confutationem</span> <span class='ocrx_word' id='word_1_216' title='bbox 2132 1973 2381 2028; x_wconf 82' lang='lat' dir='ltr'>adornari,</span> 
     </span>
     <span class='ocr_line' id='line_1_25' title="bbox 327 2038 2382 2101; baseline -0 -16"><span class='ocrx_word' id='word_1_217' title='bbox 327 2039 390 2086; x_wconf 89' lang='lat' dir='ltr'>ab</span> <span class='ocrx_word' id='word_1_218' title='bbox 418 2041 580 2085; x_wconf 87' lang='lat' dir='ltr'>amico</span> <span class='ocrx_word' id='word_1_219' title='bbox 601 2068 618 2093; x_wconf 89' lang='lat'>‚</span> <span class='ocrx_word' id='word_1_220' title='bbox 644 2041 726 2101; x_wconf 89' lang='lat' dir='ltr'>qui</span> <span class='ocrx_word' id='word_1_221' title='bbox 754 2038 814 2087; x_wconf 86' lang='lat' dir='ltr'>ad</span> <span class='ocrx_word' id='word_1_222' title='bbox 854 2053 940 2086; x_wconf 89' lang='lat' dir='ltr'>nos</span> <span class='ocrx_word' id='word_1_223' title='bbox 965 2053 1021 2086; x_wconf 88' lang='lat' dir='ltr'>ex</span> <span class='ocrx_word' id='word_1_224' title='bbox 1052 2038 1244 2085; x_wconf 84' lang='lat' dir='ltr'>Etruria</span> <span class='ocrx_word' id='word_1_225' title='bbox 1275 2052 1426 2099; x_wconf 83' lang='lat' dir='ltr'>nuper</span> <span class='ocrx_word' id='word_1_226' title='bbox 1466 2038 1698 2094; x_wconf 87' lang='lat' dir='ltr'>advenit,</span> <span class='ocrx_word' id='word_1_227' title='bbox 1724 2043 2073 2101; x_wconf 80' lang='lat' dir='ltr'>cognovimus.</span> <span class='ocrx_word' id='word_1_228' title='bbox 2114 2039 2204 2086; x_wconf 87' lang='lat' dir='ltr'>Sed</span> <span class='ocrx_word' id='word_1_229' title='bbox 2238 2038 2382 2084; x_wconf 87' lang='lat' dir='ltr'>mini-</span> 
     </span>
     <span class='ocr_line' id='line_1_26' title="bbox 326 2102 2381 2165; baseline -0.002 -14"><span class='ocrx_word' id='word_1_230' title='bbox 326 2117 404 2151; x_wconf 88' lang='lat' dir='ltr'>me</span> <span class='ocrx_word' id='word_1_231' title='bbox 433 2102 675 2150; x_wconf 87' lang='lat' dir='ltr'>credibile</span> <span class='ocrx_word' id='word_1_232' title='bbox 703 2104 796 2160; x_wconf 89' lang='lat' dir='ltr'>est,</span> <span class='ocrx_word' id='word_1_233' title='bbox 828 2119 923 2151; x_wconf 89' lang='lat' dir='ltr'>rem</span> <span class='ocrx_word' id='word_1_234' title='bbox 953 2104 1120 2164; x_wconf 87' lang='lat' dir='ltr'>paucis</span> <span class='ocrx_word' id='word_1_235' title='bbox 1150 2103 1433 2165; x_wconf 84' lang='lat' dir='ltr'>quibusdam</span> <span class='ocrx_word' id='word_1_236' title='bbox 1469 2104 1519 2150; x_wconf 90' lang='lat' dir='ltr'>in</span> <span class='ocrx_word' id='word_1_237' title='bbox 1552 2103 1745 2150; x_wconf 82' lang='lat' dir='ltr'>Etruria</span> <span class='ocrx_word' id='word_1_238' title='bbox 1782 2118 1979 2161; x_wconf 88' lang='lat' dir='ltr'>notam,</span> <span class='ocrx_word' id='word_1_239' title='bbox 2030 2104 2091 2151; x_wconf 87' lang='lat' dir='ltr'>ad</span> <span class='ocrx_word' id='word_1_240' title='bbox 2133 2104 2332 2152; x_wconf 88' lang='lat' dir='ltr'>Lucium</span> <span class='ocrx_word' id='word_1_241' title='bbox 2361 2129 2381 2157; x_wconf 83' lang='lat'>‚</span> 
     </span>
     <span class='ocr_line' id='line_1_27' title="bbox 326 2165 2382 2230; baseline -0.002 -15"><span class='ocrx_word' id='word_1_242' title='bbox 326 2168 411 2230; x_wconf 88' lang='lat' dir='ltr'>qui</span> <span class='ocrx_word' id='word_1_243' title='bbox 450 2165 720 2230; x_wconf 85' lang='lat' dir='ltr'>longiffime</span> <span class='ocrx_word' id='word_1_244' title='bbox 747 2168 910 2224; x_wconf 86' lang='lat' dir='ltr'>abest,</span> <span class='ocrx_word' id='word_1_245' title='bbox 958 2169 1050 2226; x_wconf 84' lang='lat' dir='ltr'>jam</span> <span class='ocrx_word' id='word_1_246' title='bbox 1084 2180 1186 2214; x_wconf 90' lang='lat' dir='ltr'>tum</span> <span class='ocrx_word' id='word_1_247' title='bbox 1229 2183 1376 2230; x_wconf 88' lang='lat' dir='ltr'>quum</span> <span class='ocrx_word' id='word_1_248' title='bbox 1406 2168 1524 2215; x_wconf 87' lang='lat' dir='ltr'>haec</span> <span class='ocrx_word' id='word_1_249' title='bbox 1554 2168 1811 2224; x_wconf 84' lang='lat' dir='ltr'>scriberet,</span> <span class='ocrx_word' id='word_1_250' title='bbox 1836 2167 1968 2216; x_wconf 81' lang='lat' dir='ltr'>fuiffe</span> <span class='ocrx_word' id='word_1_251' title='bbox 1995 2169 2231 2230; x_wconf 83' lang='lat' dir='ltr'>perlatam</span> <span class='ocrx_word' id='word_1_252' title='bbox 2251 2196 2265 2212; x_wconf 92' lang='grc'><strong>.</strong></span> <span class='ocrx_word' id='word_1_253' title='bbox 2284 2165 2382 2212; x_wconf 84' lang='lat' dir='ltr'>Ad-</span> 
     </span>
     <span class='ocr_line' id='line_1_28' title="bbox 324 2230 2378 2295; baseline -0.001 -15"><span class='ocrx_word' id='word_1_254' title='bbox 324 2232 496 2286; x_wconf 89' lang='lat' dir='ltr'>cedit‚</span> <span class='ocrx_word' id='word_1_255' title='bbox 524 2232 654 2294; x_wconf 91' lang='lat' dir='ltr'>quod</span> <span class='ocrx_word' id='word_1_256' title='bbox 687 2233 917 2280; x_wconf 85' lang='lat' dir='ltr'>Eruditus</span> <span class='ocrx_word' id='word_1_257' title='bbox 951 2233 1032 2280; x_wconf 89' lang='lat' dir='ltr'>ille</span> <span class='ocrx_word' id='word_1_258' title='bbox 1061 2230 1115 2281; x_wconf 69' lang='grc' dir='ltr'>ὃ(</span> <span class='ocrx_word' id='word_1_259' title='bbox 1147 2233 1296 2280; x_wconf 88' lang='lat' dir='ltr'>nobili</span> <span class='ocrx_word' id='word_1_260' title='bbox 1326 2247 1506 2295; x_wconf 89' lang='lat' dir='ltr'>genere</span> <span class='ocrx_word' id='word_1_261' title='bbox 1535 2246 1707 2288; x_wconf 87' lang='lat' dir='ltr'>natus,</span> <span class='ocrx_word' id='word_1_262' title='bbox 1733 2230 1787 2280; x_wconf 65' lang='grc' dir='ltr'>ὅ(</span> <span class='ocrx_word' id='word_1_263' title='bbox 1836 2233 2102 2281; x_wconf 84' lang='lat' dir='ltr'>liberaliter</span> <span class='ocrx_word' id='word_1_264' title='bbox 2145 2234 2378 2280; x_wconf 86' lang='lat' dir='ltr'>educatus</span> 
     </span>
     <span class='ocr_line' id='line_1_29' title="bbox 323 2293 2386 2361; baseline -0 -19"><span class='ocrx_word' id='word_1_265' title='bbox 323 2296 387 2343; x_wconf 88' lang='lat' dir='ltr'>est</span> <span class='ocrx_word' id='word_1_266' title='bbox 412 2324 429 2351; x_wconf 85' lang='lat'>‚</span> <span class='ocrx_word' id='word_1_267' title='bbox 464 2293 519 2343; x_wconf 85' lang='lat'>&amp;</span> <span class='ocrx_word' id='word_1_268' title='bbox 552 2298 792 2344; x_wconf 86' lang='lat' dir='ltr'>rationem</span> <span class='ocrx_word' id='word_1_269' title='bbox 819 2298 1108 2345; x_wconf 84' lang='lat' dir='ltr'>urbanorum</span> <span class='ocrx_word' id='word_1_270' title='bbox 1155 2298 1402 2345; x_wconf 85' lang='lat' dir='ltr'>hominum</span> <span class='ocrx_word' id='word_1_271' title='bbox 1445 2311 1596 2361; x_wconf 87' lang='lat' dir='ltr'>atque</span> <span class='ocrx_word' id='word_1_272' title='bbox 1640 2298 1857 2345; x_wconf 80' lang='lat' dir='ltr'>instituta</span> <span class='ocrx_word' id='word_1_273' title='bbox 1901 2298 2141 2348; x_wconf 59' lang='lat' dir='ltr'>sediatur:</span> <span class='ocrx_word' id='word_1_274' title='bbox 2185 2309 2236 2343; x_wconf 90' lang='lat' dir='ltr'>ut</span> <span class='ocrx_word' id='word_1_275' title='bbox 2268 2311 2386 2356; x_wconf 86' lang='lat' dir='ltr'>pro-</span> 
     </span>
     <span class='ocr_line' id='line_1_30' title="bbox 319 2358 2381 2425; baseline -0 -19"><span class='ocrx_word' id='word_1_276' title='bbox 319 2373 492 2425; x_wconf 82' lang='lat' dir='ltr'>pterea</span> <span class='ocrx_word' id='word_1_277' title='bbox 534 2360 654 2408; x_wconf 87' lang='lat' dir='ltr'>nihil</span> <span class='ocrx_word' id='word_1_278' title='bbox 682 2361 1066 2410; x_wconf 89' lang='lat' dir='ltr'>Cesellianorum</span> <span class='ocrx_word' id='word_1_279' title='bbox 1097 2362 1245 2410; x_wconf 82' lang='lat' dir='ltr'>simile</span> <span class='ocrx_word' id='word_1_280' title='bbox 1288 2364 1336 2409; x_wconf 89' lang='lat' dir='ltr'>in</span> <span class='ocrx_word' id='word_1_281' title='bbox 1376 2362 1504 2410; x_wconf 86' lang='lat' dir='ltr'>illius</span> <span class='ocrx_word' id='word_1_282' title='bbox 1544 2361 1731 2423; x_wconf 81' lang='lat' dir='ltr'>scriptis</span> <span class='ocrx_word' id='word_1_283' title='bbox 1774 2361 1988 2411; x_wconf 87' lang='lat' dir='ltr'>futurum</span> <span class='ocrx_word' id='word_1_284' title='bbox 2023 2362 2116 2409; x_wconf 78' lang='lat' dir='ltr'>lit.</span> <span class='ocrx_word' id='word_1_285' title='bbox 2161 2362 2276 2409; x_wconf 90' lang='lat' dir='ltr'>Non</span> <span class='ocrx_word' id='word_1_286' title='bbox 2317 2358 2381 2405; x_wconf 82' lang='lat' dir='ltr'>est</span> 
     </span>
     <span class='ocr_line' id='line_1_31' title="bbox 320 2425 2378 2490; baseline -0.001 -18"><span class='ocrx_word' id='word_1_287' title='bbox 320 2435 487 2472; x_wconf 78' lang='lat' dir='ltr'>autem</span> <span class='ocrx_word' id='word_1_288' title='bbox 530 2425 568 2471; x_wconf 82' lang='lat' dir='ltr'>is</span> <span class='ocrx_word' id='word_1_289' title='bbox 610 2426 816 2482; x_wconf 87' lang='lat' dir='ltr'>Lucius,</span> <span class='ocrx_word' id='word_1_290' title='bbox 852 2430 933 2489; x_wconf 87' lang='lat' dir='ltr'>qui</span> <span class='ocrx_word' id='word_1_291' title='bbox 974 2442 1001 2473; x_wconf 88' lang='lat' dir='ltr'>a</span> <span class='ocrx_word' id='word_1_292' title='bbox 1034 2427 1387 2474; x_wconf 82' lang='lat' dir='ltr'>committenda</span> <span class='ocrx_word' id='word_1_293' title='bbox 1417 2427 1570 2474; x_wconf 86' lang='lat' dir='ltr'>secum</span> <span class='ocrx_word' id='word_1_294' title='bbox 1604 2426 1845 2474; x_wconf 85' lang='lat' dir='ltr'>litteraria</span> <span class='ocrx_word' id='word_1_295' title='bbox 1875 2442 2038 2490; x_wconf 86' lang='lat' dir='ltr'>pugna</span> <span class='ocrx_word' id='word_1_296' title='bbox 2066 2439 2378 2489; x_wconf 77' lang='lat' dir='ltr'>quemquam,</span> 
     </span>
     <span class='ocr_line' id='line_1_32' title="bbox 318 2487 2377 2554; baseline 0 -18"><span class='ocrx_word' id='word_1_297' title='bbox 318 2487 519 2536; x_wconf 82' lang='lat' dir='ltr'>Cesellii</span> <span class='ocrx_word' id='word_1_298' title='bbox 551 2503 761 2550; x_wconf 79' lang='lat' dir='ltr'>genere,</span> <span class='ocrx_word' id='word_1_299' title='bbox 793 2492 929 2548; x_wconf 71' lang='lat' dir='ltr'>vita,</span> <span class='ocrx_word' id='word_1_300' title='bbox 967 2493 1244 2539; x_wconf 86' lang='lat' dir='ltr'>eruditione</span> <span class='ocrx_word' id='word_1_301' title='bbox 1294 2490 1595 2547; x_wconf 86' lang='lat' dir='ltr'>diffimilem,</span> <span class='ocrx_word' id='word_1_302' title='bbox 1645 2490 1890 2538; x_wconf 84' lang='lat' dir='ltr'>dehortari</span> <span class='ocrx_word' id='word_1_303' title='bbox 1932 2505 2081 2554; x_wconf 85' lang='lat' dir='ltr'>atque</span> <span class='ocrx_word' id='word_1_304' title='bbox 2130 2502 2377 2537; x_wconf 52' lang='lat' dir='ltr'>avocarea</span> 
     </span>
     <span class='ocr_line' id='line_1_33' title="bbox 321 2554 2377 2619; baseline -0 -20"><span class='ocrx_word' id='word_1_305' title='bbox 321 2564 471 2614; x_wconf 87' lang='lat' dir='ltr'>queat</span> <span class='ocrx_word' id='word_1_306' title='bbox 494 2584 509 2599; x_wconf 91' lang='lat'><strong>.</strong></span> <span class='ocrx_word' id='word_1_307' title='bbox 551 2555 777 2616; x_wconf 88' lang='lat' dir='ltr'>Denique</span> <span class='ocrx_word' id='word_1_308' title='bbox 808 2556 936 2604; x_wconf 84' lang='lat' dir='ltr'>ea&amp;</span> <span class='ocrx_word' id='word_1_309' title='bbox 970 2558 1060 2603; x_wconf 88' lang='lat' dir='ltr'>hoc</span> <span class='ocrx_word' id='word_1_310' title='bbox 1092 2557 1203 2604; x_wconf 89' lang='lat' dir='ltr'>loco</span> <span class='ocrx_word' id='word_1_311' title='bbox 1236 2555 1287 2604; x_wconf 68' lang='grc' dir='ltr'>δε</span> <span class='ocrx_word' id='word_1_312' title='bbox 1320 2559 1509 2619; x_wconf 84' lang='lat' dir='ltr'>reliquo</span> <span class='ocrx_word' id='word_1_313' title='bbox 1546 2557 1772 2616; x_wconf 85' lang='lat' dir='ltr'>deinceps</span> <span class='ocrx_word' id='word_1_314' title='bbox 1805 2561 1851 2602; x_wconf 91' lang='lat' dir='ltr'>in</span> <span class='ocrx_word' id='word_1_315' title='bbox 1895 2555 2109 2603; x_wconf 84' lang='lat' dir='ltr'>sermone</span> <span class='ocrx_word' id='word_1_316' title='bbox 2136 2560 2197 2602; x_wconf 89' lang='lat' dir='ltr'>ab</span> <span class='ocrx_word' id='word_1_317' title='bbox 2229 2554 2377 2602; x_wconf 84' lang='lat' dir='ltr'>Lucio</span> 
     </span>
     <span class='ocr_line' id='line_1_34' title="bbox 320 2618 2376 2684; baseline -0 -20"><span class='ocrx_word' id='word_1_318' title='bbox 320 2631 763 2668; x_wconf 82' lang='lat' dir='ltr'>commemorantur</span> <span class='ocrx_word' id='word_1_319' title='bbox 796 2651 813 2676; x_wconf 91' lang='lat'>‚</span> <span class='ocrx_word' id='word_1_320' title='bbox 843 2635 895 2669; x_wconf 88' lang='lat' dir='ltr'>ut</span> <span class='ocrx_word' id='word_1_321' title='bbox 926 2623 1128 2668; x_wconf 87' lang='lat' dir='ltr'>omnino</span> <span class='ocrx_word' id='word_1_322' title='bbox 1158 2621 1420 2684; x_wconf 79' lang='lat' dir='ltr'>fignificare</span> <span class='ocrx_word' id='word_1_323' title='bbox 1441 2621 1651 2684; x_wconf 84' lang='lat' dir='ltr'>aliquem</span> <span class='ocrx_word' id='word_1_324' title='bbox 1674 2620 1929 2676; x_wconf 78' lang='lat' dir='ltr'>videatur,</span> <span class='ocrx_word' id='word_1_325' title='bbox 1958 2624 2038 2683; x_wconf 86' lang='lat' dir='ltr'>qui</span> <span class='ocrx_word' id='word_1_326' title='bbox 2073 2619 2124 2668; x_wconf 67' lang='grc' dir='ltr'>ἃ</span> <span class='ocrx_word' id='word_1_327' title='bbox 2156 2618 2245 2678; x_wconf 78' lang='lat' dir='ltr'>jam</span> <span class='ocrx_word' id='word_1_328' title='bbox 2269 2618 2376 2665; x_wconf 82' lang='lat' dir='ltr'>scri-</span> 
     </span>
     <span class='ocr_line' id='line_1_35' title="bbox 320 2679 2376 2747; baseline -0 -20"><span class='ocrx_word' id='word_1_329' title='bbox 320 2679 507 2742; x_wconf 74' lang='lat' dir='ltr'>psisset,</span> <span class='ocrx_word' id='word_1_330' title='bbox 536 2679 588 2729; x_wconf 85' lang='lat'>&amp;</span> <span class='ocrx_word' id='word_1_331' title='bbox 615 2685 921 2744; x_wconf 85' lang='lat' dir='ltr'>impudenter</span> <span class='ocrx_word' id='word_1_332' title='bbox 942 2716 958 2742; x_wconf 89' lang='lat'>‚</span> <span class='ocrx_word' id='word_1_333' title='bbox 993 2687 1083 2734; x_wconf 88' lang='lat' dir='ltr'>hoc</span> <span class='ocrx_word' id='word_1_334' title='bbox 1110 2686 1203 2741; x_wconf 89' lang='lat' dir='ltr'>est,</span> <span class='ocrx_word' id='word_1_335' title='bbox 1234 2685 1507 2734; x_wconf 87' lang='lat' dir='ltr'>Ceselliano</span> <span class='ocrx_word' id='word_1_336' title='bbox 1554 2701 1685 2732; x_wconf 87' lang='lat' dir='ltr'>more</span> <span class='ocrx_word' id='word_1_337' title='bbox 1708 2715 1724 2741; x_wconf 87' lang='lat'>‚</span> <span class='ocrx_word' id='word_1_338' title='bbox 1758 2685 1993 2747; x_wconf 80' lang='lat' dir='ltr'>scripsisset</span> <span class='ocrx_word' id='word_1_339' title='bbox 2015 2716 2030 2742; x_wconf 89' lang='lat'>‚</span> <span class='ocrx_word' id='word_1_340' title='bbox 2054 2685 2106 2733; x_wconf 70' lang='grc' dir='ltr'>δι</span> <span class='ocrx_word' id='word_1_341' title='bbox 2138 2688 2186 2731; x_wconf 91' lang='lat' dir='ltr'>in</span> <span class='ocrx_word' id='word_1_342' title='bbox 2218 2683 2376 2745; x_wconf 86' lang='lat' dir='ltr'>publi-</span> 
     </span>
     <span class='ocr_line' id='line_1_36' title="bbox 320 2744 2377 2815; baseline -0.001 -23"><span class='ocrx_word' id='word_1_343' title='bbox 320 2760 380 2792; x_wconf 90' lang='lat' dir='ltr'>co</span> <span class='ocrx_word' id='word_1_344' title='bbox 414 2745 663 2815; x_wconf 84' lang='lat' dir='ltr'>hominum</span> <span class='ocrx_word' id='word_1_345' title='bbox 691 2763 940 2798; x_wconf 85' lang='lat' dir='ltr'>conventu</span> <span class='ocrx_word' id='word_1_346' title='bbox 978 2751 1150 2812; x_wconf 86' lang='lat' dir='ltr'>scripta</span> <span class='ocrx_word' id='word_1_347' title='bbox 1195 2751 1272 2798; x_wconf 87' lang='lat' dir='ltr'>sua</span> <span class='ocrx_word' id='word_1_348' title='bbox 1322 2748 1596 2798; x_wconf 83' lang='lat' dir='ltr'>recitaffet.</span> <span class='ocrx_word' id='word_1_349' title='bbox 1627 2753 1710 2796; x_wconf 88' lang='lat' dir='ltr'>Ait</span> <span class='ocrx_word' id='word_1_350' title='bbox 1747 2754 1872 2796; x_wconf 87' lang='lat' dir='ltr'>enim</span> <span class='ocrx_word' id='word_1_351' title='bbox 1897 2781 1912 2807; x_wconf 88' lang='lat'>‚</span> <span class='ocrx_word' id='word_1_352' title='bbox 1943 2751 2008 2803; x_wconf 65' lang='lat' dir='ltr'>W.</span> <span class='ocrx_word' id='word_1_353' title='bbox 2051 2765 2132 2814; x_wconf 78' lang='lat'>71.</span> <span class='ocrx_word' id='word_1_354' title='bbox 2172 2744 2377 2796; x_wconf 70' lang='lat' dir='ltr'>Maledi-</span> 
     </span>
     <span class='ocr_line' id='line_1_37' title="bbox 319 2807 2377 2877; baseline -0 -22"><span class='ocrx_word' id='word_1_355' title='bbox 319 2807 397 2855; x_wconf 68' lang='lat' dir='ltr'>aa</span> <span class='ocrx_word' id='word_1_356' title='bbox 422 2810 610 2868; x_wconf 75' lang='lat' dir='ltr'>pudente</span> <span class='ocrx_word' id='word_1_357' title='bbox 642 2816 818 2875; x_wconf 75' lang='lat' dir='ltr'>Ignosco</span> <span class='ocrx_word' id='word_1_358' title='bbox 851 2815 1067 2871; x_wconf 50' lang='lat' dir='ltr'>miserans</span> <span class='ocrx_word' id='word_1_359' title='bbox 1089 2846 1104 2863; x_wconf 91' lang='lat'><strong><em>.</em></strong></span> <span class='ocrx_word' id='word_1_360' title='bbox 1161 2816 1459 2863; x_wconf 79' lang='lat' dir='ltr'>Maledixiffe</span> <span class='ocrx_word' id='word_1_361' title='bbox 1483 2831 1593 2863; x_wconf 83' lang='lat' dir='ltr'>eum</span> <span class='ocrx_word' id='word_1_362' title='bbox 1627 2813 1879 2862; x_wconf 79' lang='lat' dir='ltr'>adfirmat:</span> <span class='ocrx_word' id='word_1_363' title='bbox 1936 2816 2040 2871; x_wconf 87' lang='lat' dir='ltr'>sed,</span> <span class='ocrx_word' id='word_1_364' title='bbox 2086 2830 2230 2877; x_wconf 86' lang='lat' dir='ltr'>quum</span> <span class='ocrx_word' id='word_1_365' title='bbox 2280 2825 2377 2855; x_wconf 77' lang='lat' dir='ltr'>ma-</span> 
     </span>
     <span class='ocr_line' id='line_1_38' title="bbox 318 2872 2378 2940; baseline 0.001 -21"><span class='ocrx_word' id='word_1_366' title='bbox 318 2872 494 2920; x_wconf 58' lang='lat' dir='ltr'>lediffla</span> <span class='ocrx_word' id='word_1_367' title='bbox 530 2875 607 2922; x_wconf 82' lang='lat' dir='ltr'>sua</span> <span class='ocrx_word' id='word_1_368' title='bbox 639 2873 973 2938; x_wconf 71' lang='lat' dir='ltr'>subpreffer&#39;it,</span> <span class='ocrx_word' id='word_1_369' title='bbox 1007 2884 1098 2929; x_wconf 86' lang='lat' dir='ltr'>boc</span> <span class='ocrx_word' id='word_1_370' title='bbox 1131 2881 1192 2927; x_wconf 86' lang='lat' dir='ltr'>est</span> <span class='ocrx_word' id='word_1_371' title='bbox 1216 2913 1231 2934; x_wconf 84' lang='lat'>‚</span> <span class='ocrx_word' id='word_1_372' title='bbox 1255 2885 1466 2929; x_wconf 86' lang='lat' dir='ltr'>nondum</span> <span class='ocrx_word' id='word_1_373' title='bbox 1504 2881 1632 2940; x_wconf 85' lang='lat' dir='ltr'>typis</span> <span class='ocrx_word' id='word_1_374' title='bbox 1660 2878 1892 2927; x_wconf 67' lang='lat' dir='ltr'>saniosum</span> <span class='ocrx_word' id='word_1_375' title='bbox 1923 2896 2114 2928; x_wconf 86' lang='lat' dir='ltr'>carmen</span> <span class='ocrx_word' id='word_1_376' title='bbox 2148 2879 2378 2939; x_wconf 62' lang='lat' dir='ltr'>vulgave-</span> 
     </span>
     <span class='ocr_line' id='line_1_39' title="bbox 322 2938 2377 3008; baseline 0 -24"><span class='ocrx_word' id='word_1_377' title='bbox 322 2938 420 2994; x_wconf 83' lang='lat' dir='ltr'>rit,</span> <span class='ocrx_word' id='word_1_378' title='bbox 449 2939 668 3000; x_wconf 83' lang='lat' dir='ltr'>puduilse</span> <span class='ocrx_word' id='word_1_379' title='bbox 703 2957 809 2989; x_wconf 88' lang='lat' dir='ltr'>eum</span> <span class='ocrx_word' id='word_1_380' title='bbox 844 2944 908 2992; x_wconf 89' lang='lat' dir='ltr'>sui</span> <span class='ocrx_word' id='word_1_381' title='bbox 945 2957 1122 3006; x_wconf 75' lang='lat' dir='ltr'>putat3</span> <span class='ocrx_word' id='word_1_382' title='bbox 1157 2946 1326 3007; x_wconf 86' lang='lat' dir='ltr'>illique</span> <span class='ocrx_word' id='word_1_383' title='bbox 1355 2943 1582 2994; x_wconf 81' lang='lat' dir='ltr'>miserans</span> <span class='ocrx_word' id='word_1_384' title='bbox 1615 2946 1862 3008; x_wconf 84' lang='lat' dir='ltr'>ignoscit.</span> <span class='ocrx_word' id='word_1_385' title='bbox 1894 2946 2042 2996; x_wconf 83' lang='lat' dir='ltr'>Versu</span> <span class='ocrx_word' id='word_1_386' title='bbox 2075 2956 2235 2993; x_wconf 83' lang='lat' dir='ltr'>autem</span> <span class='ocrx_word' id='word_1_387' title='bbox 2262 2953 2377 3004; x_wconf 72' lang='lat'>23¹·</span> 
     </span>
    </p>

    <p class='ocr_par' dir='ltr' id='par_1_6' title="bbox 593 3012 2318 3512">
     <span class='ocr_line' id='line_1_40' title="bbox 594 3012 1443 3076; baseline 0.007 -26"><span class='ocrx_word' id='word_1_388' title='bbox 594 3034 1119 3057; x_wconf 89' lang='grc'><strong>...........</strong></span> <span class='ocrx_word' id='word_1_389' title='bbox 1160 3012 1284 3058; x_wconf 68' lang='lat' dir='ltr'>Nam</span> <span class='ocrx_word' id='word_1_390' title='bbox 1325 3028 1443 3076; x_wconf 78' lang='lat' dir='ltr'>quur</span> 
     </span>
     <span class='ocr_line' id='line_1_41' title="bbox 593 3068 1754 3140; baseline 0.003 -21"><span class='ocrx_word' id='word_1_391' title='bbox 593 3068 1024 3140; x_wconf 34' lang='lat' dir='ltr'>SeHano-infenfiss</span> <span class='ocrx_word' id='word_1_392' title='bbox 1051 3089 1224 3122; x_wconf 85' lang='lat' dir='ltr'>tantum</span> <span class='ocrx_word' id='word_1_393' title='bbox 1256 3074 1499 3124; x_wconf 67' lang='lat' dir='ltr'>baccharis</span> <span class='ocrx_word' id='word_1_394' title='bbox 1534 3075 1582 3123; x_wconf 81' lang='lat' dir='ltr'>in</span> <span class='ocrx_word' id='word_1_395' title='bbox 1614 3073 1754 3132; x_wconf 81' lang='lat' dir='ltr'>illos,</span> 
     </span>
     <span class='ocr_line' id='line_1_42' title="bbox 602 3135 1689 3201; baseline 0.007 -20"><span class='ocrx_word' id='word_1_396' title='bbox 602 3135 704 3181; x_wconf 68' lang='lat' dir='ltr'>Una</span> <span class='ocrx_word' id='word_1_397' title='bbox 732 3136 894 3195; x_wconf 82' lang='lat' dir='ltr'>thus</span> <span class='ocrx_word' id='word_1_398' title='bbox 920 3154 1029 3185; x_wconf 78' lang='lat' dir='ltr'>cura</span> <span class='ocrx_word' id='word_1_399' title='bbox 1061 3140 1124 3199; x_wconf 72' lang='lat' dir='ltr'>es}</span> <span class='ocrx_word' id='word_1_400' title='bbox 1156 3140 1361 3186; x_wconf 79' lang='lat' dir='ltr'>Pietatts</span> <span class='ocrx_word' id='word_1_401' title='bbox 1383 3139 1503 3201; x_wconf 79' lang='lat' dir='ltr'>jura</span> <span class='ocrx_word' id='word_1_402' title='bbox 1530 3146 1652 3188; x_wconf 68' lang='lat' dir='ltr'>tueri·</span> <span class='ocrx_word' id='word_1_403' title='bbox 1674 3171 1689 3197; x_wconf 87' lang='lat'>‚</span> 
     </span>
     <span class='ocr_line' id='line_1_43' title="bbox 600 3200 1803 3269; baseline 0.003 -23"><span class='ocrx_word' id='word_1_404' title='bbox 600 3200 895 3260; x_wconf 72' lang='lat' dir='ltr'>Vtrtutrsque</span> <span class='ocrx_word' id='word_1_405' title='bbox 924 3216 1052 3248; x_wconf 68' lang='lat' dir='ltr'>viam</span> <span class='ocrx_word' id='word_1_406' title='bbox 1091 3204 1234 3250; x_wconf 79' lang='lat' dir='ltr'>docili</span> <span class='ocrx_word' id='word_1_407' title='bbox 1271 3205 1803 3269; x_wconf 68' lang='lat' dir='ltr'>nronJirareJuvet1tae:</span> 
     </span>
     <span class='ocr_line' id='line_1_44' title="bbox 598 3265 2017 3333; baseline 0.005 -25"><span class='ocrx_word' id='word_1_408' title='bbox 598 3265 892 3332; x_wconf 56' lang='lat' dir='ltr'>Q&#39;fi&#39;fflPW</span> <span class='ocrx_word' id='word_1_409' title='bbox 930 3267 1139 3331; x_wconf 59' lang='lat' dir='ltr'>rugilant</span> <span class='ocrx_word' id='word_1_410' title='bbox 1179 3268 1227 3314; x_wconf 83' lang='lat' dir='ltr'>in</span> <span class='ocrx_word' id='word_1_411' title='bbox 1252 3271 1434 3330; x_wconf 68' lang='lat' dir='ltr'>publica</span> <span class='ocrx_word' id='word_1_412' title='bbox 1463 3271 1682 3317; x_wconf 71' lang='lat' dir='ltr'>commoda</span> <span class='ocrx_word' id='word_1_413' title='bbox 1707 3286 1717 3315; x_wconf 91' lang='grc'>;</span> <span class='ocrx_word' id='word_1_414' title='bbox 1744 3285 1924 3333; x_wconf 79' lang='lat' dir='ltr'>quorum</span> <span class='ocrx_word' id='word_1_415' title='bbox 1954 3266 2017 3329; x_wconf 83' lang='lat' dir='ltr'>est</span> 
     </span>
     <span class='ocr_line' id='line_1_45' title="bbox 601 3328 1920 3400; baseline -0.002 -26"><span class='ocrx_word' id='word_1_416' title='bbox 601 3328 849 3374; x_wconf 72' lang='lat' dir='ltr'>Nobtlttas</span> <span class='ocrx_word' id='word_1_417' title='bbox 879 3329 1114 3386; x_wconf 47' lang='lat' dir='ltr'>mvn-mus,</span> <span class='ocrx_word' id='word_1_418' title='bbox 1148 3347 1296 3384; x_wconf 69' lang='lat' dir='ltr'>rerum</span> <span class='ocrx_word' id='word_1_419' title='bbox 1331 3332 1920 3400; x_wconf 57' lang='lat' dir='ltr'>Obftul&#39;lffimejsplessdffl&#39;?</span> 
     </span>
     <span class='ocr_line' id='line_1_46' title="bbox 600 3392 1178 3457; baseline 0.01 -17"><span class='ocrx_word' id='word_1_420' title='bbox 600 3394 736 3456; x_wconf 76' lang='lat' dir='ltr'>Qur</span> <span class='ocrx_word' id='word_1_421' title='bbox 763 3392 996 3457; x_wconf 77' lang='lat' dir='ltr'>transfers</span> <span class='ocrx_word' id='word_1_422' title='bbox 1022 3394 1178 3446; x_wconf 72' lang='lat' dir='ltr'>tram?</span> 
     </span>
     <span class='ocr_line' id='line_1_47' title="bbox 2186 3460 2318 3512; baseline -0.038 0"><span class='ocrx_word' id='word_1_423' title='bbox 2186 3460 2318 3512; x_wconf 66' lang='lat' dir='ltr'>Lati-a</span> 
     </span>
    </p>
   </div>
  </div>
 </body>
</html>
