2654 4085
363 376 467 460 '24
993 359 1562 443 SERMO

533 549 548 569 ι
583 550 599 570 .
633 552 648 568 .
688 550 705 569 .
737 549 751 568 .
788 551 803 568 .
837 517 971 586 Qid
996 533 1147 570 tamen
1182 520 1431 572 invideant
1450 518 1570 576 tibi,
1596 516 1747 567 nullae

533 589 683 650 Qem
713 587 986 635 comitantur·
1014 602 1120 649 opes·
1141 616 1157 643 ‚
1192 588 1348 642 tenui,
1379 605 1527 636 rerum
1555 586 1743 634 omnium
1772 584 1944 650 egeno}

533 651 758 712 Inlustres
790 654 989 699 Heroum
1017 654 1230 708 animae,
1264 651 1470 716 reCZique
1507 665 1687 698 tenaces
2156 654 2212 701 ‘222
2253 668 2267 695 ι

536 717 785 765 Venttdius
809 746 826 773 ‚
861 718 1041 781 Rufus,
1073 715 1386 764 Pei-ihomas?
1425 717 1485 762 Et
1518 729 1667 762 tamen
1697 711 1775 764 ille·
2119 721 2124 724 '

536 781 619 830 Illi
653 794 789 828 ettam
828 795 907 828 tua
936 781 1175 828 concordes
1203 782 1378 829 deliria
1414 780 1601 829 rident·

534 844 731 895 Invidia
757 844 820 901 est
837 875 852 901 ,
883 845 1051 892 iterum
1079 846 1328 910 ingemmat
1349 875 1364 900 ,
1394 860 1511 911 quae
1536 857 1703 909 regnat
1729 875 1745 902 ,
1777 844 1829 893 ὠ·
1860 842 1977 909 ipses

532 912 845 959 ‘Trans-vertit
867 912 950 972 fite
1048 911 1259 959 Heroes.
1295 913 1415 958 ‘l‘ota
1449 908 1637 957 invedet
1671 910 1746 958 dli

552 978 678 1021 Gens
718 974 974 1021 hominum.'
1036 975 1217 1040 tthtfiem
1248 976 1495 1023 dumtaxat
1531 975 1581 1023 (ἐν
1611 979 1773 1037 excipe
1804 975 2020 1024 Gallum.

541 1040 717 1101 Nempe
745 1040 857 1087 ellae
878 1041 1071 1102 pecudes
1090 1070 1105 1096 ,
1132 1041 1312 1088 cerebri
1341 1041 1503 1104 quihus
1539 1057 1671 1087 uncta
1700 1057 1782 1086 non
1801 1037 1863 1096 est
1894 1069 1913 1095 ‚

531 1105 663 1150 Rulli
694 1105 985 1150 admtrantur
1015 1119 1249 1167 crepunt,
1292 1106 1342 1151 (ς’
1366 1108 1569 1152 stercora
1599 1104 1828 1147 lambunt.

265 1162 465 1216 Inventi
492 1163 637 1220 sunt,
671 1168 1077 1227 quemadmodum
1114 1172 1229 1215 mihi
1262 1184 1343 1227 per
1395 1168 1582 1212 litteras
1631 1161 1947 1224 significatum
1987 1161 2050 1212 est
2077 1194 2096 1223 5
2143 1164 2225 1229 qui
2262 1164 2309 1213 se

266 1230 479 1285 Rullos,
510 1229 592 1291 qui
628 1230 876 1285 Cithisos‚
906 1233 987 1292 qui
1019 1232 1187 1278 Gallos
1227 1231 1334 1276 illos
1367 1228 1558 1275 eosdem
1589 1228 1678 1273 effe
1712 1229 2002 1284 crederent,
2055 1245 2111 1278 ac
2153 1243 2307 1291 prope

268 1294 569 1342 sacramento
601 1291 978 1350 confirmarent,
1021 1309 1141 1357 quos
1179 1296 1352 1342 Lucius
1389 1291 1600 1340 confiffls
1631 1292 1723 1338 illis
1775 1294 2049 1341 nominibus
2092 1293 2311 1357 designa-

265 1373 318 1406 1e
357 1357 608 1406 voluiffet.
641 1359 763 1402 Proh
792 1362 923 1405 Deus
953 1360 1269 1407 immortalis!
1302 1362 1400 1405 Cur
1429 1371 1525 1401 non
1571 1359 1636 1403 isti
1687 1359 1849 1417 potius
1896 1357 1940 1402 se
1981 1359 2241 1405 Ventidios
2288 1385 2306 1413 ‚

265 1422 461 1478 Rufos,
494 1419 799 1472 l’eribonios,
829 1420 1048 1473 Inlustres
1078 1419 1276 1463 Heroum
1307 1419 1515 1471 animas,
1550 1418 1755 1481 recf‘t'tque
1784 1435 1995 1475 tenaces,
2028 1423 2151 1476 esse,
2187 1422 2310 1468 illis-

268 1502 362 1549 que
393 1483 641 1549 significari
670 1482 944 1529 nominibus
978 1480 1321 1528 crediderunt?
1355 1482 1500 1540 Qod
1531 1496 1719 1526 tantum
1747 1483 1807 1527 est
1839 1481 2030 1530 istorum
2062 1500 2169 1531 cum
2197 1486 2308 1532 Vir-

265 1565 377 1599 tute
408 1548 675 1603 dissidium,
708 1558 791 1602 ut,
824 1561 947 1608 quae
984 1547 1042 1592 de
1066 1547 1262 1593 Virtute
1287 1545 1542 1599 dicuntur,
1574 1545 1744 1591 cadere
1783 1547 1827 1590 in
1858 1561 1937 1593 eos
1984 1563 2079 1595 non
2135 1548 2305 1610 posse)

268 1616 563 1662 videantur?
608 1614 817 1665 Dicent,
852 1622 905 1655 ut
929 1611 1134 1668 opinor,
1170 1610 1340 1653 virtuti
1367 1608 1408 1651 se
1438 1610 1629 1666 quidem
1664 1623 1757 1651 non
1775 1608 1863 1652 ess'e
1896 1612 2150 1666 inimicos,
2174 1628 2306 1657 eam-

269 1693 366 1742 que
407 1678 528 1724 adeo
560 1676 752 1729 colere;
782 1688 934 1732 neque
963 1685 1123 1717 tamen
1154 1673 1422 1722 continuo,
1449 1671 1475 1714 ii
1512 1671 1672 1717 Virtus
1708 1669 1799 1716 sine
1838 1671 2147 1730 personarum
2193 1674 2311 1721 defi-

268 1747 507 1806 gnatione
540 1739 793 1791 laudetur,
821 1735 1001 1782 laudari
1030 1734 1157 1782 suam
1205 1748 1492 1795 quemquam
1550 1734 1817 1780 existimate
1863 1750 2128 1794 oportere:
2186 1738 2307 1785 nihil

267 1805 534 1866 impedire,
566 1818 664 1864 quo
694 1802 845 1848 minus
882 1802 1060 1856 Poeta,
1095 1800 1375 1847 Ventidium
1397 1828 1411 1852 ‚
1446 1796 1656 1852 Ruffim,
1700 1801 2003 1848 Peribonium
2034 1802 2310 1861 adpellans,

269 1872 330 1918 de
358 1871 501 1917 certis
530 1866 740 1929 personis
766 1866 1031 1926 cogitarit3
1067 1879 1228 1912 verum
1260 1868 1306 1909 in
1341 1865 1408 1909 liis
1438 1863 1586 1910 latere
1618 1865 1662 1910 se
1697 1866 2004 1920 noiiiinibuS‚
2033 1868 2311 1927 praeflarQ,

269 1936 509 1983 neminem
547 1930 704 1994 posse.
737 1932 780 1978 Si
813 1931 1019 1992 gratiam
1052 1930 1173 1976 inire
1210 1930 1270 1976 ab
1303 1930 1543 1990 aliquibus
1588 1929 1758 1976 Lucius
1803 1930 2058 1987 voluisset,
2101 1930 2312 1979 debuisse

269 2015 381 2048 eum
416 2000 504 2044 suis
532 2011 770 2059 quemque
810 1991 1082 2041 nominibus
1111 1994 1355 2054 adpellare
1384 2004 1400 2053 ς
1432 1994 1478 2039 id
1509 1994 1638 2054 quod
1669 1996 1716 2040 in
1753 1995 2031 2048 Ave-ramo,
2065 1994 2311 2042 Facciola-

274 2078 328 2111 to
351 2094 367 2121 ,
404 2060 628 2119 Maffejo,
660 2060 968 2113 Muratorlo,
1001 2060 1203 2122 aliisque
1234 2056 1409 2105 fecill'et
1437 2063 1489 2119 ):
1526 2072 1650 2104 nunc
1674 2088 1688 2114 ,
1717 2060 1844 2119 quod
1885 2061 2122 2105 neminem
2153 2061 2311 2105 nomi-

273 2132 432 2183 narit,
469 2129 705 2174 neminem
733 2125 995 2187 quidquam
1033 2124 1100 2170 illi
1135 2125 1339 2172 debere.
1370 2122 1501 2169 Haec
1537 2124 1615 2184 qui
1657 2123 2224 2186 loquuntur‚iidemque
2243 2122 2312 2169 se-

274 2195 321 2249 se
349 2195 409 2240 ab
436 2194 583 2240 Lucio
619 2190 828 2238 violatos
867 2191 948 2236 sub
981 2188 1097 2236 fluis
1125 2190 1216 2236 illis
1250 2188 1417 2234 aliisve
1454 2188 1726 2235 nominibus
1757 2201 2056 2249 queruntur,
2094 2192 2210 2234 mira
2241 2185 2316 2244 ju-

275 2261 424 2312 dicii,
454 2257 830 2310 sententiarum,
860 2253 1181 2315 sermonisque
1210 2253 1526 2300 inconstantia
1560 2254 1810 2299 laborant:
1843 2268 1997 2316 neque
2025 2255 2166 2299 aliter
2195 2266 2314 2298 con-

278 2325 395 2371 stare
421 2321 499 2368 sibi
536 2321 754 2381 potsunt,
792 2319 870 2365 nili
903 2319 1020 2367 illud
1047 2320 1347 2366 concedant:
1380 2333 1536 2379 neque
1578 2319 1636 2363 de
1666 2317 1741 2374 se,
1773 2332 1927 2379 neque
1957 2318 2017 2365 de
2046 2332 2313 2379 quoquam,

277 2402 421 2451 quem
460 2401 552 2431 non
585 2388 664 2430 suo
694 2387 887 2430 nomine
915 2384 1170 2445 adpellarit
1213 2396 1362 2444 atque
1394 2383 1693 2441 descripserit
1715 2411 1729 2437 ,
1762 2382 1885 2433 male
1926 2382 2015 2428 esse
2065 2385 2114 2428 L.
2157 2381 2314 2427 Sesta·

281 2468 394 2500 num
428 2451 676 2497 meritum:
708 2464 996 2509 quamquam
1026 2464 1081 2493 ex
1123 2451 1178 2494 iis
1217 2451 1424 2509 aliquem
1471 2449 1634 2492 animo
1678 2448 1941 2507 tacitisque
1984 2446 2308 2504 cogitationi-

279 2520 367 2566 bus
400 2520 417 2577 ζ
453 2514 581 2575 quod
618 2528 674 2558 ne
704 2514 852 2571 ipsum
883 2513 1075 2572 quidem
1108 2514 1175 2559 ita
1212 2512 1300 2558 esse
1334 2511 1619 2557 censendum
1651 2510 1711 2556 est
1749 2514 1764 2570 ]
1806 2510 2008 2556 scribens
2038 2510 2119 2556 illa
2154 2510 2210 2554 de
2241 2507 2316 2553 fu-

282 2594 394 2631 cata
430 2583 722 2627 Litteratura
762 2575 1021 2635 speehvit.
1053 2580 1316 2629 Ceterum,
1351 2576 1376 2621 si
1408 2591 1526 2637 quos
1556 2574 1631 2621 sibi
1672 2575 1843 2622 Lucius
1902 2574 2058 2633 palam
2102 2573 2317 2618 inriden-

278 2649 366 2695 dos
392 2642 806 2702 traducendosque
844 2641 1104 2687 Graeculos
1135 2641 1489 2701 proposuisset3
1532 2639 1732 2686 credant
1764 2637 1829 2684 isti
1870 2640 2014 2694 mihi,
2052 2638 2196 2690 mihi,
2240 2638 2318 2682 in-

283 2727 427 2777 quam
450 2741 463 2765 ,
491 2708 724 2763 credant,·
762 2705 960 2767 insignes
993 2704 1218 2768 cuiusque
1252 2721 1306 2752 ac
1334 2706 1558 2766 propi-iae
1587 2715 1763 2757 notae,
1789 2704 1959 2763 quibus
2002 2715 2318 2762 unumquem-

287 2793 381 2841 que
410 2774 726 2826 describeret,
760 2785 811 2815 ac
843 2782 1086 2831 tamquam
1129 2772 1286 2830 digito
1325 2770 1591 2816 ostenderet
1626 2797 1641 2823 ,
1696 2768 1880 2814 homini
1932 2768 2125 2814 minime
2165 2766 2315 2813 bardo

291 2859 389 2890 non
415 2837 666 2888 desuiisent
695 2867 708 2880 .
736 2838 957 2880 Caveant
979 2866 992 2884 ‚
1025 2835 1051 2881 (i
1082 2838 1160 2896 qui
1196 2836 1254 2880 ab
1282 2851 1340 2880 eo
1382 2834 1698 2894 superioribus
1735 2831 2029 2879 sermonibus
2057 2829 2192 2878 fuisse
2231 2830 2318 2876 de-

291 2907 491 2966 scriptos
526 2902 695 2958 injuria
723 2900 962 2960 conquesti
998 2898 1102 2945 sunt
1131 2903 1149 2961 (
1190 2914 1307 2958 quos
1336 2898 1419 2944 ille
1455 2913 1510 2943 ne
1547 2911 1684 2944 natos
1718 2896 1911 2957 quidem
1944 2894 2137 2943 fortasse
2168 2892 2316 2955 suspi-

295 2972 498 3019 cabatur
534 2969 555 3028 )
588 2981 674 3018 ne,
704 2964 728 3009 fi
775 2963 949 3009 molesti
993 2976 1141 3024 atque
1175 2963 1437 3022 importuni
1466 2961 1552 3007 effe
1587 2963 1883 3021 perrexerint
1913 2989 1928 3009 s
1958 2959 2040 3008 suo
2084 2959 2212 3006 malo
2244 2958 2315 3005 di.

295 3047 461 3087 scant,
488 3042 721 3093 quantum
756 3030 880 3075 inter
909 3028 1048 3083 vitii,
1080 3025 1130 3074 <Sc
1163 3028 1444 3076 vitiosorum
1476 3025 1848 3086 descriptionem
1897 3038 2050 3088 atque
2092 3023 2313 3085 exagita-

293 3103 476 3146 tionem
509 3093 722 3142 intersit.

364 3164 430 3215 Ψ,
469 3162 548 3208 88.
583 3164 660 3220 (n)
689 3161 784 3222 Fsse
817 3159 991 3222 aliquos
1028 3173 1172 3204 verae
1200 3154 1403 3203 virturis
1435 3156 1630 3204 alumnos
1651 3156 1771 3211 ‚&c.
1797 3156 1928 3212 Quid
1961 3154 2020 3202 de
2044 3151 2179 3202 bonis
2220 3148 2321 3221 Lit-

302 3230 415 3276 teris
443 3257 457 3283 ‚
485 3227 681 3286 quidde
718 3225 840 3269 veris
881 3225 1131 3272 Litteratis
1177 3223 1343 3269 Lucius
1375 3222 1578 3274 sentiar,
1622 3236 1715 3268 non
1754 3221 1900 3267 modo
1938 3235 1995 3267 ex
2043 3221 2128 3265 hac
2184 3214 2321 3269 hulllS

302 3295 397 3341 loci
448 3290 811 3343 testificatione,
841 3304 1001 3335 verum
1033 3291 1178 3333 etium
1212 3303 1265 3331 cx
1298 3287 1535 3348 prioribus
1581 3287 1872 3333 sermonibus
1920 3282 2189 3343 intelligere
2237 3294 2324 3338 po-

2163 3357 2265 3390 tu:-
