2654 4085
919 402 1718 506 QU1NTUS.
2149 407 2245 501 ῃ

305 559 581 610 abstraeiam
615 554 715 614 iure
747 555 887 606 alteri
918 558 1012 606 sese
1045 557 1266 607 ademisse
1300 568 1498 620 putaret
1524 587 1542 615 ,
1569 566 1660 613 ut,
1674 568 1750 603 ex·
1779 567 1853 618 gr·
1891 567 2015 619 quae
2059 557 2158 619 ipse
2200 555 2352 620 passus

302 628 366 675 ab
392 626 550 674 altero
575 622 688 669 effet
717 621 1023 670 incommoda
1054 638 1209 671 rerum
1238 622 1423 671 suarum
1441 653 1459 680 ,
1488 622 1616 670 illius
1640 619 1886 669 commodi
1915 618 2209 679 adceffione,
2240 620 2345 670 vel-

300 691 374 738 ut'i
412 686 617 752 quadam
661 686 1087 748 compensatione,
1115 687 1333 746 leniret‚·
1368 691 1516 752 quum
1547 689 1671 735 idem
1711 684 1871 746 postea
1911 699 2008 732 non
2049 686 2111 732 ab
2136 701 2194 732 eo
2221 715 2236 742 ,
2262 684 2342 732 cui

300 770 399 802 rem
431 749 758 812 subripuisset,
799 750 873 799 sed
907 752 968 798 ab
997 750 1095 798 alio
1126 752 1354 800 damnum
1396 752 1477 800 fibi
1522 749 1656 799 suiffe
1699 750 1905 798 inlatum
1956 748 2231 811 malumque
2272 763 2346 795 re-

302 818 477 866 sciret.-
500 826 758 877 cogeretur
786 813 878 861 fine
898 818 1222 864 controversia
1246 814 1396 877 priori
1428 831 1531 864 earn
1569 816 1765 863 reddere
1803 829 1857 862 ac
1888 813 2166 870 restituere;
2199 825 2344 881 quam

299 881 330 928 fi
363 879 573 928 retinere
604 878 786 933 veliet,
820 880 868 924 in
899 894 1053 941 eaque
1094 881 1354 928 voluntate
1396 882 1625 943 perstaret
1659 909 1675 936 ‚
1719 880 1912 943 iniquus
1961 878 2093 925 illico
2125 876 2347 939 possessor

296 943 528 994 evaderet
550 972 567 989 .
618 943 791 1005 ltaque
820 944 879 989 de
916 942 979 989 sui
1022 941 1183 998 iudicii
1220 959 1383 993 errore
1418 951 1598 993 certior
1632 942 1780 991 fabius
1808 943 2134 1004 SemproniuS,
2158 941 2347 1003 seseque

297 1022 456 1070 neque
484 1022 512 1054 a
561 1003 686 1062 Caio
720 1020 876 1069 neque
908 1021 936 1052 a
966 1007 1100 1054 Titio
1137 1006 1270 1055 fuifl'e
1299 1010 1536 1057 violatum
1566 1010 1844 1070 intelligens
1870 1038 1885 1065 ,
1929 1022 2026 1054 non
2055 1005 2209 1068 potest
2245 1005 2343 1065 jam

296 1071 392 1120 fine
420 1069 682 1119 certissimo
719 1070 1092 1134 gravissimoque
1128 1071 1301 1120 scelere
1331 1073 1538 1121 inlatum
1577 1075 1829 1135 utriusque
1868 1071 2211 1119 existimationi
2256 1073 2343 1118 So-

296 1137 582 1197 ciorumque
611 1137 841 1182 damnum
878 1151 974 1183 non
1007 1136 1260 1185 resarcire.
1286 1137 1434 1198 Qod
1465 1138 1495 1186 fi
1537 1137 1773 1203 praestare
1823 1137 2034 1186 noluerit
2060 1165 2078 1195 ,
2119 1135 2180 1183 de
2219 1133 2347 1182 illius

299 1200 455 1250 salute
487 1200 578 1246 effe
605 1198 764 1247 afrum
802 1199 1167 1249 existimandum
1196 1203 1286 1249 est.

432 1264 570 1311 Vm.
604 1264 713 1310 Nec
749 1263 811 1310 ab
836 1262 1105 1321 hujusmodi
1134 1265 1441 1329 obligatione
1465 1266 1745 1316 eximendus
1783 1265 1878 1324 est,
1906 1265 2035 1329 quod
2062 1264 2347 1322 hominurn,

297 1325 472 1390 quibus
501 1328 756 1376 maledixit
778 1356 796 1383 ‚
827 1330 930 1374 vita
960 1330 1203 1390 persp-*Ra
1235 1332 1289 1377 sit
1319 1344 1468 1394 atque
1499 1333 1736 1404 probaga3
1763 1347 1849 1380 nec
1882 1342 2142 1393 propterea
2173 1344 2254 1377 eos
2289 1343 2344 1376 re

295 1402 444 1451 atque
475 1388 646 1436 effectu
674 1389 918 1436 infamaffe
938 1393 1192 1439 videatur.
1223 1396 1414 1441 Etenim
1434 1399 1561 1452 apud
1589 1398 1870 1455 imperitos,
1901 1394 1948 1440 id
1979 1394 2070 1448 est,
2097 1395 2221 1454 apud
2239 1392 2345 1454 ple·

296 1467 504 1514 rosque,
531 1453 717 1513 aliqmd
748 1467 881 1498 certe
907 1468 966 1498 ex
999 1455 1355 1500 existimatione
1392 1456 1498 1510 Caji
1528 1467 1678 1516 atque
1709 1457 1858 1511 Titii,
1886 1471 2150 1518 eorumque
2188 1457 2342 1506 Ordi-

296 1520 370 1566 nis
397 1515 666 1563 detrarstum
697 1514 790 1561 effe
824 1515 1084 1575 multiplici
1117 1516 1366 1580 liberaque
1412 1519 1682 1579 Sempronii
1727 1518 1967 1566 calumnia
2014 1520 2191 1566 neccsse
2231 1520 2293 1567 est
2318 1548 2336 1568 ·

297 1583 431 1642 Quin
457 1585 610 1627 etiam
638 1581 809 1641 aliqua
837 1577 1031 1627 fortasse
1070 1585 1224 1630 minus
1253 1585 1510 1630 commoda
1535 1583 1594 1630 de
1623 1580 1843 1630 dostrina
1888 1599 1944 1632 ac
1974 1583 2224 1647 probitate
2252 1586 2341 1632 ho-

291 1650 476 1694 minum
513 1645 587 1693 vel
616 1646 935 1706 prudentibus
969 1643 1141 1703 injeeta
1169 1646 1288 1701 eise,
1317 1648 1409 1694 five
1436 1648 1605 1709 opinio
1625 1675 1642 1702 ‚
1670 1646 1763 1694 sive
1789 1648 1993 1713 suspicio
2026 1649 2210 1711 potest.
2237 1649 2339 1696 Ne-

293 1725 390 1774 que
419 1710 547 1756 enim
579 1710 727 1772 longe
760 1712 951 1756 aberrat
986 1725 1136 1773 atque
1165 1713 1393 1758 abhorret
1437 1728 1464 1758 a
1510 1726 1626 1759 vero
1669 1713 1866 1773 impium
1909 1714 2028 1762 illud
2075 1712 2341 1777 nequiffimi

293 1775 503 1822 hominis
531 1772 760 1821 effatum:
796 1775 1119 1823 Calumniare:
1143 1778 1323 1838 semper
1357 1776 1473 1823 enim
1509 1774 1694 1840 aliquid
1724 1793 1953 1835 remanet,
1987 1778 2108 1843 quod
2148 1795 2226 1825 nec
2244 1778 2336 1842 fa·

293 1840 380 1888 cele
414 1841 681 1885 retundmer
701 1867 720 1894 ,
751 1855 828 1886 nec
856 1840 1088 1886 oblivione
1113 1840 1327 1886 deletur.
1362 1846 1521 1902 Atque
1551 1842 1665 1888 haec
1685 1871 1700 1897 ‚
1723 1857 1846 1904 quae
1868 1846 1928 1894 de
1963 1843 2120 1891 famae
2152 1841 2335 1901 jac-iura

294 1902 403 1950 sunt
431 1903 589 1957 (Heia,
613 1906 674 1950 de
706 1906 904 1950 honoris
940 1919 1136 1966 quoque
1164 1904 1368 1951 laesione
1399 1905 1523 1951 dreia
1554 1906 1912 1957 existimentur.
1959 1910 2137 1957 Eodem
2169 1909 2334 1958 enirn..

295 1966 445 2014 ferme
478 1971 655 2021 modo,
685 1982 740 2014 ac
764 1968 871 2030 pari
899 1972 1089 2015 ratione
1118 1968 1411 2030 reparandus
1439 1971 1500 2018 est
1529 1971 1715 2027 honor,
1743 1970 1797 2021 ὃ(
1827 1976 1989 2038 aliqua
2023 1971 2339 2020 existimatio-

295 2034 368 2078 nis
395 2032 554 2078 bonae
582 2031 934 2094 significatione
957 2061 974 2087 ‚
997 2048 1123 2095 quae
1161 2035 1490 2082 contumeliae
1523 2035 1811 2096 prudentum
1848 2037 2028 2096 judicio
2073 2051 2129 2084 ex
2176 2051 2338 2100 aequo

294 2096 587 2158 respondeat
606 2125 624 2150 ‚
651 2099 698 2143 id
721 2097 851 2159 quod
882 2095 982 2143 fieri
1001 2113 1056 2142 ex
1075 2112 1267 2159 recepta
1284 2098 1633 2148 consuetudine
1650 2104 1796 2165 vulgo
1815 2104 1933 2152 solet
1952 2133 1967 2159 ,
1988 2103 2310 2151 resarciendus
2325 2129 2341 2147 .

428 2162 532 2209 lx.
560 2162 820 2208 Caeterum
849 2176 921 2207 res
957 2177 1124 2209 ornnes
1160 2166 1207 2210 in
1240 2165 1644 2214 Dubitationibus
1672 2168 1944 2230 propositae
1970 2168 2093 2216 adeo
2111 2167 2216 2215 sunt
2239 2181 2341 2216 non

294 2224 558 2284 obscurae3
591 2225 943 2287 Responsiones
972 2238 1136 2273 autem
1162 2229 1221 2275 ad
1254 2243 1332 2276 eas
1367 2230 1489 2275 adeo
1523 2230 1699 2277 obviae
1728 2247 1783 2280 ac
1806 2234 1955 2296 vulgo
1986 2245 2232 2289 notae-,ut
2251 2235 2338 2278 vix

297 2293 525 2339 videatur
555 2291 615 2337 de
645 2293 700 2336 iis
729 2291 917 2338 Almam
949 2291 1338 2340 'Univerfitatem
1369 2294 1552 2342 consuli
1587 2298 1881 2358 oportuisse.
1909 2297 2084 2346 Eadem
2114 2299 2240 2346 enim
2258 2308 2340 2344 to-

297 2355 452 2403 tidem
484 2351 582 2400 fere
610 2355 767 2402 verbis
798 2356 926 2417 apud
958 2370 1124 2403 omnes
1162 2357 1396 2406 noeiores
1429 2360 1641 2418 prostant
1661 2376 1683 2419 ;
1715 2363 1994 2423 praesertim
2022 2366 2149 2423 apud
2175 2367 2337 2423 Ange·

294 2420 442 2468 licum
473 2418 925 2479 praeceptoremn.
961 2436 1006 2470 ι.
1034 2436 1082 2483 q.
1115 2437 1162 2484 9.
1191 2421 1245 2471 <Sc
1273 2437 1356 2487 73.
1388 2425 1536 2470 Card.
1565 2424 1625 2472 de
1658 2428 1924 2490 Lugo,dist.
1949 2444 1997 2491 4.
2029 2443 2105 2490 14·
2137 2442 2213 2490 15·
2245 2427 2339 2473 Bo·

297 2498 435 2533 nacc-
468 2494 607 2530 tomo
641 2498 685 2531 2.
715 2485 818 2532 dist.
852 2500 896 2534 2.
925 2501 974 2548 q.
1003 2502 1054 2549 4.
1080 2488 1127 2533 6.
1158 2503 1206 2552 7.
1239 2489 1346 2536 Fili.
1380 2500 1517 2536 tomo
1546 2505 1590 2538 2.
1628 2491 1766 2538 traffl.
1794 2507 1877 2555 40.
1904 2509 1946 2540 c.
1980 2508 2023 2542 ι.
2062 2506 2108 2556 3.
2131 2508 2180 2554 4.
2223 2495 2340 2539 Azz·

298 2560 440 2596 tomo
481 2560 523 2609 3·
552 2548 586 2593 Ι.
617 2561 694 2613 ¹3·
723 2564 766 2596 c.
790 2551 841 2598 6.
877 2566 955 2599 ιι.
984 2550 1105 2598 Less.
1141 2552 1172 2599 Ι.
1205 2570 1256 2603 2.
1290 2569 1333 2601 c·
1378 2567 1455 2601 10·
1485 2569 1538 2603 11
1592 2571 1666 2618 29.
1702 2559 1870 2615 Laym.
1899 2557 1933 2604 l.
1962 2571 2007 2623 3.
2041 2556 2178 2603 tradi.
2213 2570 2261 2625 3.
2292 2570 2343 2618 p.

298 2627 348 2664 2·
371 2627 413 2660 c.
446 2625 489 2672 3.
521 2615 667 2659 Dian.
697 2630 744 2674 p.
778 2631 824 2664 2·
861 2615 997 2663 tracq.
1028 2631 1069 2680 5.
1108 2619 1238 2667 misc.
1265 2618 1404 2665 resol·
1440 2634 1517 2680 29.
1544 2617 1596 2667 (Sc
1643 2636 1873 2682 nuperum
1909 2620 2219 2672 dofliffimum
2245 2623 2340 2669 Lu-

298 2674 486 2726 censem
524 2678 826 2742 Theologum
863 2681 1233 2731 Constantinum
1256 2684 1581 2746 Roncagiiam
1613 2687 2215 2751 Vener-Congregationis
2231 2688 2340 2733 Ma·

297 2743 385 2856 xis
417 2739 830 2853 ῗείὅῖὲυηιωω,
852 2757 990 2795 torno
1020 2763 1071 2797 ι.
1107 2749 1244 2798 trae}-
1279 2762 1357 2815 13·
1382 2763 1432 2812 q.
1460 2765 1509 2813 4.
1541 2765 1585 2799 c.
1619 2765 1667 2801 2·
1714 2749 1815 2803 &a
1863 2752 1919 2804 In
1962 2753 2059 2804 Dei
2102 2753 2339 2804 nomin&

350 2821 422 2856 me
474 2832 489 2852 ο
606 2831 624 2851 ⁰

1014 3142 1628 3226 FINIS.
