<?xml version="1.0" encoding="UTF-8"?>
<!DOCTYPE html PUBLIC "-//W3C//DTD XHTML 1.0 Transitional//EN"
    "http://www.w3.org/TR/xhtml1/DTD/xhtml1-transitional.dtd">
<html xmlns="http://www.w3.org/1999/xhtml" xml:lang="en" lang="en">
 <head>
  <title>
</title>
<meta http-equiv="Content-Type" content="text/html;charset=utf-8" />
  <meta name='ocr-system' content='tesseract 3.04.00' />
  <meta name='ocr-capabilities' content='ocr_page ocr_carea ocr_par ocr_line ocrx_word'/>
</head>
<body>
  <div class='ocr_page' id='page_1' title='image "./lsectaniqfilpseu00corduoft_0054.png"; bbox 0 0 2654 4085; ppageno 0'>
   <div class='ocr_carea' id='block_1_1' title="bbox 361 325 1485 439">
    <p class='ocr_par' dir='ltr' id='par_1_1' title="bbox 361 325 1485 439">
     <span class='ocr_line' id='line_1_1' title="bbox 361 325 1485 439; baseline -0.036 1"><span class='ocrx_word' id='word_1_1' title='bbox 361 370 452 439; x_wconf 70' lang='lat'>32</span> <span class='ocrx_word' id='word_1_2' title='bbox 956 325 1485 409; x_wconf 75' lang='lat' dir='ltr'>&#39;SERMO</span> 
     </span>
    </p>
   </div>
   <div class='ocr_carea' id='block_1_2' title="bbox 254 473 2296 1640">
    <p class='ocr_par' dir='ltr' id='par_1_2' title="bbox 254 473 2296 1640">
     <span class='ocr_line' id='line_1_2' title="bbox 262 473 2291 552; baseline -0.015 -4"><span class='ocrx_word' id='word_1_3' title='bbox 262 499 358 547; x_wconf 73' lang='lat' dir='ltr'>sesa</span> <span class='ocrx_word' id='word_1_4' title='bbox 383 491 600 552; x_wconf 72' lang='lat' dir='ltr'>,benche</span> <span class='ocrx_word' id='word_1_5' title='bbox 632 489 825 545; x_wconf 85' lang='lat' dir='ltr'>onesta,</span> <span class='ocrx_word' id='word_1_6' title='bbox 859 489 935 538; x_wconf 91' lang='lat' dir='ltr'>col</span> <span class='ocrx_word' id='word_1_7' title='bbox 974 487 1203 534; x_wconf 85' lang='lat' dir='ltr'>meritato</span> <span class='ocrx_word' id='word_1_8' title='bbox 1233 484 1417 548; x_wconf 82' lang='lat' dir='ltr'>gastigo</span> <span class='ocrx_word' id='word_1_9' title='bbox 1444 479 1573 544; x_wconf 84' lang='lat' dir='ltr'>degl&#39;</span> <span class='ocrx_word' id='word_1_10' title='bbox 1598 474 1840 542; x_wconf 82' lang='lat' dir='ltr'>ingiuriosi</span> <span class='ocrx_word' id='word_1_11' title='bbox 1887 473 2139 534; x_wconf 82' lang='lat' dir='ltr'>Avversari</span> <span class='ocrx_word' id='word_1_12' title='bbox 2173 504 2188 533; x_wconf 92' lang='lat'>‚</span> <span class='ocrx_word' id='word_1_13' title='bbox 2226 476 2291 524; x_wconf 77' lang='lat' dir='ltr'>rui</span> 
     </span>
     <span class='ocr_line' id='line_1_3' title="bbox 259 541 2292 626; baseline -0.021 -14"><span class='ocrx_word' id='word_1_14' title='bbox 259 567 468 626; x_wconf 78' lang='lat' dir='ltr'>piaeque</span> <span class='ocrx_word' id='word_1_15' title='bbox 497 573 579 620; x_wconf 87' lang='lat' dir='ltr'>per</span> <span class='ocrx_word' id='word_1_16' title='bbox 615 555 919 617; x_wconf 74' lang='lat' dir='ltr'>tranquillita</span> <span class='ocrx_word' id='word_1_17' title='bbox 948 553 1023 600; x_wconf 85' lang='lat' dir='ltr'>del</span> <span class='ocrx_word' id='word_1_18' title='bbox 1058 551 1154 596; x_wconf 88' lang='lat' dir='ltr'>mio</span> <span class='ocrx_word' id='word_1_19' title='bbox 1190 549 1357 609; x_wconf 85' lang='lat' dir='ltr'>spirito</span> <span class='ocrx_word' id='word_1_20' title='bbox 1398 548 1446 593; x_wconf 90' lang='lat' dir='ltr'>di</span> <span class='ocrx_word' id='word_1_21' title='bbox 1487 546 1762 593; x_wconf 85' lang='lat' dir='ltr'>consultare</span> <span class='ocrx_word' id='word_1_22' title='bbox 1805 544 1964 592; x_wconf 79' lang='lat' dir='ltr'>alcuni</span> <span class='ocrx_word' id='word_1_23' title='bbox 2007 541 2198 590; x_wconf 63' lang='lat' dir='ltr'>Maestri</span> <span class='ocrx_word' id='word_1_24' title='bbox 2242 542 2292 588; x_wconf 65' lang='lat' dir='ltr'>in</span> 
     </span>
     <span class='ocr_line' id='line_1_4' title="bbox 259 608 2294 683; baseline -0.025 -6"><span class='ocrx_word' id='word_1_25' title='bbox 259 627 489 680; x_wconf 70' lang='lat' dir='ltr'>Divinita</span> <span class='ocrx_word' id='word_1_26' title='bbox 511 641 526 672; x_wconf 92' lang='lat'>.·</span> <span class='ocrx_word' id='word_1_27' title='bbox 556 624 567 668; x_wconf 93' lang='lat' dir='ltr'>i</span> <span class='ocrx_word' id='word_1_28' title='bbox 600 621 730 683; x_wconf 83' lang='lat' dir='ltr'>quali</span> <span class='ocrx_word' id='word_1_29' title='bbox 775 619 1167 666; x_wconf 85' lang='lat' dir='ltr'>unanimemente</span> <span class='ocrx_word' id='word_1_30' title='bbox 1208 617 1275 673; x_wconf 90' lang='lat' dir='ltr'>(e</span> <span class='ocrx_word' id='word_1_31' title='bbox 1309 612 1353 658; x_wconf 85' lang='lat' dir='ltr'>la</span> <span class='ocrx_word' id='word_1_32' title='bbox 1381 613 1603 672; x_wconf 82' lang='lat' dir='ltr'>maggior</span> <span class='ocrx_word' id='word_1_33' title='bbox 1635 621 1772 670; x_wconf 74' lang='lat' dir='ltr'>parte</span> <span class='ocrx_word' id='word_1_34' title='bbox 1798 624 1942 656; x_wconf 64' lang='lat' dir='ltr'>erano</span> <span class='ocrx_word' id='word_1_35' title='bbox 1970 608 2092 655; x_wconf 58' lang='lat' dir='ltr'>delia</span> <span class='ocrx_word' id='word_1_36' title='bbox 2113 609 2294 654; x_wconf 57' lang='lat' dir='ltr'>Comu-</span> 
     </span>
     <span class='ocr_line' id='line_1_5' title="bbox 261 671 2295 747; baseline -0.017 -7"><span class='ocrx_word' id='word_1_37' title='bbox 261 694 410 740; x_wconf 87' lang='lat' dir='ltr'>nione</span> <span class='ocrx_word' id='word_1_38' title='bbox 448 686 704 747; x_wconf 80' lang='lat' dir='ltr'>Romana)</span> <span class='ocrx_word' id='word_1_39' title='bbox 735 685 795 729; x_wconf 86' lang='lat' dir='ltr'>mi</span> <span class='ocrx_word' id='word_1_40' title='bbox 826 680 1179 733; x_wconf 81' lang='lat' dir='ltr'>afficurarono‚</span> <span class='ocrx_word' id='word_1_41' title='bbox 1215 678 1302 722; x_wconf 88' lang='lat' dir='ltr'>che</span> <span class='ocrx_word' id='word_1_42' title='bbox 1330 678 1480 722; x_wconf 88' lang='lat' dir='ltr'>niuno</span> <span class='ocrx_word' id='word_1_43' title='bbox 1512 686 1756 735; x_wconf 86' lang='lat' dir='ltr'>trasporto</span> <span class='ocrx_word' id='word_1_44' title='bbox 1785 673 1813 719; x_wconf 83' lang='lat' dir='ltr'>si</span> <span class='ocrx_word' id='word_1_45' title='bbox 1849 675 2095 720; x_wconf 84' lang='lat' dir='ltr'>ritrovava</span> <span class='ocrx_word' id='word_1_46' title='bbox 2128 672 2200 717; x_wconf 78' lang='lat' dir='ltr'>nel</span> <span class='ocrx_word' id='word_1_47' title='bbox 2231 671 2295 716; x_wconf 72' lang='lat' dir='ltr'>ri,</span> 
     </span>
     <span class='ocr_line' id='line_1_6' title="bbox 262 736 2292 803; baseline -0.012 0"><span class='ocrx_word' id='word_1_48' title='bbox 262 756 557 803; x_wconf 86' lang='lat' dir='ltr'>sentimento</span> <span class='ocrx_word' id='word_1_49' title='bbox 588 750 663 796; x_wconf 84' lang='lat' dir='ltr'>del</span> <span class='ocrx_word' id='word_1_50' title='bbox 704 748 924 796; x_wconf 85' lang='lat' dir='ltr'>Dicitore</span> <span class='ocrx_word' id='word_1_51' title='bbox 952 744 1168 790; x_wconf 88' lang='lat' dir='ltr'>Toscano</span> <span class='ocrx_word' id='word_1_52' title='bbox 1193 772 1207 786; x_wconf 88' lang='lat'><strong>.</strong></span> <span class='ocrx_word' id='word_1_53' title='bbox 1238 741 1274 787; x_wconf 85' lang='lat'>11</span> <span class='ocrx_word' id='word_1_54' title='bbox 1312 742 1502 786; x_wconf 87' lang='lat' dir='ltr'>motivo</span> <span class='ocrx_word' id='word_1_55' title='bbox 1539 736 1585 784; x_wconf 91' lang='lat' dir='ltr'>fu</span> <span class='ocrx_word' id='word_1_56' title='bbox 1623 768 1638 793; x_wconf 90' lang='lat'>‚</span> <span class='ocrx_word' id='word_1_57' title='bbox 1679 739 1851 798; x_wconf 79' lang='lat' dir='ltr'>perche</span> <span class='ocrx_word' id='word_1_58' title='bbox 1897 736 2183 785; x_wconf 83' lang='lat' dir='ltr'>trattandosi</span> <span class='ocrx_word' id='word_1_59' title='bbox 2213 736 2292 785; x_wconf 76' lang='lat' dir='ltr'>del</span> 
     </span>
     <span class='ocr_line' id='line_1_7' title="bbox 257 803 2294 879; baseline -0.01 -11"><span class='ocrx_word' id='word_1_60' title='bbox 257 822 382 868; x_wconf 85' lang='lat' dir='ltr'>bene</span> <span class='ocrx_word' id='word_1_61' title='bbox 418 814 679 879; x_wconf 83' lang='lat' dir='ltr'>pubblicO,</span> <span class='ocrx_word' id='word_1_62' title='bbox 712 811 838 857; x_wconf 83' lang='lat' dir='ltr'>della</span> <span class='ocrx_word' id='word_1_63' title='bbox 874 811 1033 856; x_wconf 88' lang='lat' dir='ltr'>buona</span> <span class='ocrx_word' id='word_1_64' title='bbox 1067 806 1363 854; x_wconf 76' lang='lat' dir='ltr'>educazione</span> <span class='ocrx_word' id='word_1_65' title='bbox 1407 803 1534 850; x_wconf 79' lang='lat' dir='ltr'>della</span> <span class='ocrx_word' id='word_1_66' title='bbox 1579 804 1828 851; x_wconf 77' lang='lat' dir='ltr'>Gioventu</span> <span class='ocrx_word' id='word_1_67' title='bbox 1865 833 1880 859; x_wconf 94' lang='lat'>,</span> <span class='ocrx_word' id='word_1_68' title='bbox 1921 803 2047 865; x_wconf 85' lang='lat' dir='ltr'>degli</span> <span class='ocrx_word' id='word_1_69' title='bbox 2086 816 2294 848; x_wconf 85' lang='lat' dir='ltr'>avanza-</span> 
     </span>
     <span class='ocr_line' id='line_1_8' title="bbox 260 866 2294 932; baseline -0.016 0"><span class='ocrx_word' id='word_1_70' title='bbox 260 883 413 932; x_wconf 82' lang='lat' dir='ltr'>menti</span> <span class='ocrx_word' id='word_1_71' title='bbox 446 881 570 927; x_wconf 85' lang='lat' dir='ltr'>della</span> <span class='ocrx_word' id='word_1_72' title='bbox 602 878 812 931; x_wconf 85' lang='lat' dir='ltr'>scienza,</span> <span class='ocrx_word' id='word_1_73' title='bbox 841 874 1122 920; x_wconf 75' lang='lat' dir='ltr'>deli‘onore</span> <span class='ocrx_word' id='word_1_74' title='bbox 1155 872 1201 919; x_wconf 88' lang='lat' dir='ltr'>di</span> <span class='ocrx_word' id='word_1_75' title='bbox 1234 870 1373 916; x_wconf 82' lang='lat' dir='ltr'>molti</span> <span class='ocrx_word' id='word_1_76' title='bbox 1412 869 1679 924; x_wconf 85' lang='lat' dir='ltr'>Letterati,</span> <span class='ocrx_word' id='word_1_77' title='bbox 1706 867 1782 914; x_wconf 90' lang='lat' dir='ltr'>del</span> <span class='ocrx_word' id='word_1_78' title='bbox 1811 866 1986 915; x_wconf 88' lang='lat' dir='ltr'>decoro</span> <span class='ocrx_word' id='word_1_79' title='bbox 2013 867 2058 914; x_wconf 85' lang='lat' dir='ltr'>di</span> <span class='ocrx_word' id='word_1_80' title='bbox 2092 880 2186 913; x_wconf 77' lang='lat' dir='ltr'>una</span> <span class='ocrx_word' id='word_1_81' title='bbox 2221 867 2294 912; x_wconf 69' lang='lat' dir='ltr'>jn,</span> 
     </span>
     <span class='ocr_line' id='line_1_9' title="bbox 259 929 2293 1002; baseline -0.012 -7"><span class='ocrx_word' id='word_1_82' title='bbox 259 961 367 995; x_wconf 86' lang='lat' dir='ltr'>tera</span> <span class='ocrx_word' id='word_1_83' title='bbox 397 944 576 992; x_wconf 85' lang='lat' dir='ltr'>famosa</span> <span class='ocrx_word' id='word_1_84' title='bbox 603 942 743 988; x_wconf 63' lang='lat' dir='ltr'>Cirta</span> <span class='ocrx_word' id='word_1_85' title='bbox 769 970 782 995; x_wconf 92' lang='lat'>‚</span> <span class='ocrx_word' id='word_1_86' title='bbox 815 938 958 1002; x_wconf 85' lang='lat' dir='ltr'>quale</span> <span class='ocrx_word' id='word_1_87' title='bbox 987 941 1012 985; x_wconf 77' lang='grc' dir='ltr'>ὲ</span> <span class='ocrx_word' id='word_1_88' title='bbox 1045 937 1310 990; x_wconf 84' lang='lat' dir='ltr'>Fiorenza,</span> <span class='ocrx_word' id='word_1_89' title='bbox 1339 936 1484 980; x_wconf 88' lang='lat' dir='ltr'>niuna</span> <span class='ocrx_word' id='word_1_90' title='bbox 1515 948 1637 994; x_wconf 85' lang='lat' dir='ltr'>pena</span> <span class='ocrx_word' id='word_1_91' title='bbox 1680 937 1777 993; x_wconf 85' lang='lat' dir='ltr'>puo</span> <span class='ocrx_word' id='word_1_92' title='bbox 1815 935 1955 979; x_wconf 84' lang='lat' dir='ltr'>essere</span> <span class='ocrx_word' id='word_1_93' title='bbox 1992 929 2217 979; x_wconf 81' lang='lat' dir='ltr'>eccessrva</span> <span class='ocrx_word' id='word_1_94' title='bbox 2264 948 2293 980; x_wconf 64' lang='grc' dir='ltr'>ρ,</span> 
     </span>
     <span class='ocr_line' id='line_1_10' title="bbox 257 994 2292 1074; baseline -0.009 -14"><span class='ocrx_word' id='word_1_95' title='bbox 257 1012 409 1074; x_wconf 74' lang='lat' dir='ltr'>quelli</span> <span class='ocrx_word' id='word_1_96' title='bbox 440 1041 455 1066; x_wconf 87' lang='lat'>,</span> <span class='ocrx_word' id='word_1_97' title='bbox 479 1010 564 1056; x_wconf 72' lang='lat' dir='ltr'>chr:</span> <span class='ocrx_word' id='word_1_98' title='bbox 596 1005 624 1053; x_wconf 79' lang='lat' dir='ltr'>fi</span> <span class='ocrx_word' id='word_1_99' title='bbox 653 1005 877 1052; x_wconf 83' lang='lat' dir='ltr'>sforzano</span> <span class='ocrx_word' id='word_1_100' title='bbox 903 1002 950 1049; x_wconf 90' lang='lat' dir='ltr'>di</span> <span class='ocrx_word' id='word_1_101' title='bbox 980 1002 1273 1062; x_wconf 82' lang='lat' dir='ltr'>distruggere</span> <span class='ocrx_word' id='word_1_102' title='bbox 1301 1000 1313 1045; x_wconf 91' lang='lat' dir='ltr'>i</span> <span class='ocrx_word' id='word_1_103' title='bbox 1351 997 1563 1060; x_wconf 85' lang='lat' dir='ltr'>migliori</span> <span class='ocrx_word' id='word_1_104' title='bbox 1609 994 1772 1058; x_wconf 76' lang='lat' dir='ltr'>prefidj</span> <span class='ocrx_word' id='word_1_105' title='bbox 1810 995 1886 1042; x_wconf 89' lang='lat' dir='ltr'>del</span> <span class='ocrx_word' id='word_1_106' title='bbox 1930 999 2092 1043; x_wconf 88' lang='lat' dir='ltr'>vivere</span> <span class='ocrx_word' id='word_1_107' title='bbox 2127 997 2292 1052; x_wconf 85' lang='lat' dir='ltr'>civile,</span> 
     </span>
     <span class='ocr_line' id='line_1_11' title="bbox 258 1060 2294 1134; baseline -0.024 -6"><span class='ocrx_word' id='word_1_108' title='bbox 258 1077 337 1124; x_wconf 82' lang='lat' dir='ltr'>col</span> <span class='ocrx_word' id='word_1_109' title='bbox 387 1074 679 1134; x_wconf 75' lang='lat' dir='ltr'>dispregiare</span> <span class='ocrx_word' id='word_1_110' title='bbox 727 1086 752 1115; x_wconf 89' lang='lat' dir='ltr'>e</span> <span class='ocrx_word' id='word_1_111' title='bbox 784 1067 983 1117; x_wconf 74' lang='lat' dir='ltr'>sbeffare</span> <span class='ocrx_word' id='word_1_112' title='bbox 1020 1068 1062 1112; x_wconf 91' lang='lat' dir='ltr'>le</span> <span class='ocrx_word' id='word_1_113' title='bbox 1096 1067 1217 1113; x_wconf 67' lang='lat' dir='ltr'>berle</span> <span class='ocrx_word' id='word_1_114' title='bbox 1249 1066 1341 1110; x_wconf 85' lang='lat' dir='ltr'>arti</span> <span class='ocrx_word' id='word_1_115' title='bbox 1381 1093 1394 1108; x_wconf 89' lang='grc'><strong>.</strong></span> <span class='ocrx_word' id='word_1_116' title='bbox 1417 1063 1741 1109; x_wconf 77' lang='lat' dir='ltr'>Oflervarono</span> <span class='ocrx_word' id='word_1_117' title='bbox 1784 1061 1865 1116; x_wconf 88' lang='lat' dir='ltr'>poi</span> <span class='ocrx_word' id='word_1_118' title='bbox 1899 1087 1914 1111; x_wconf 89' lang='lat'>,</span> <span class='ocrx_word' id='word_1_119' title='bbox 1955 1060 2042 1103; x_wconf 87' lang='lat' dir='ltr'>che</span> <span class='ocrx_word' id='word_1_120' title='bbox 2086 1074 2183 1105; x_wconf 90' lang='lat' dir='ltr'>uno</span> <span class='ocrx_word' id='word_1_121' title='bbox 2219 1061 2294 1107; x_wconf 74' lang='lat' dir='ltr'>de»</span> 
     </span>
     <span class='ocr_line' id='line_1_12' title="bbox 255 1121 2295 1200; baseline -0.018 4"><span class='ocrx_word' id='word_1_122' title='bbox 255 1140 496 1200; x_wconf 53' lang='lat' dir='ltr'>maggiffli</span> <span class='ocrx_word' id='word_1_123' title='bbox 537 1132 667 1196; x_wconf 77' lang='lat' dir='ltr'>pregj</span> <span class='ocrx_word' id='word_1_124' title='bbox 693 1134 803 1180; x_wconf 77' lang='lat' dir='ltr'>dell&#39;</span> <span class='ocrx_word' id='word_1_125' title='bbox 835 1148 1012 1192; x_wconf 83' lang='lat' dir='ltr'>opera,</span> <span class='ocrx_word' id='word_1_126' title='bbox 1039 1147 1117 1177; x_wconf 85' lang='lat' dir='ltr'>era</span> <span class='ocrx_word' id='word_1_127' title='bbox 1144 1130 1174 1175; x_wconf 91' lang='lat' dir='ltr'>l’</span> <span class='ocrx_word' id='word_1_128' title='bbox 1202 1129 1368 1175; x_wconf 79' lang='lat' dir='ltr'>effervi</span> <span class='ocrx_word' id='word_1_129' title='bbox 1403 1123 1641 1171; x_wconf 85' lang='lat' dir='ltr'>nominati</span> <span class='ocrx_word' id='word_1_130' title='bbox 1676 1123 1688 1165; x_wconf 89' lang='lat' dir='ltr'>i</span> <span class='ocrx_word' id='word_1_131' title='bbox 1721 1121 1881 1166; x_wconf 79' lang='lat' dir='ltr'>nimici</span> <span class='ocrx_word' id='word_1_132' title='bbox 1911 1121 2037 1166; x_wconf 88' lang='lat' dir='ltr'>della</span> <span class='ocrx_word' id='word_1_133' title='bbox 2072 1136 2182 1168; x_wconf 86' lang='lat' dir='ltr'>vera</span> <span class='ocrx_word' id='word_1_134' title='bbox 2209 1123 2295 1170; x_wconf 84' lang='lat' dir='ltr'>sci-</span> 
     </span>
     <span class='ocr_line' id='line_1_13' title="bbox 256 1184 2296 1255; baseline -0.01 -5"><span class='ocrx_word' id='word_1_135' title='bbox 256 1218 378 1252; x_wconf 88' lang='lat' dir='ltr'>enza</span> <span class='ocrx_word' id='word_1_136' title='bbox 398 1232 413 1255; x_wconf 94' lang='lat'>,</span> <span class='ocrx_word' id='word_1_137' title='bbox 447 1217 471 1246; x_wconf 92' lang='lat' dir='ltr'>e</span> <span class='ocrx_word' id='word_1_138' title='bbox 502 1201 627 1244; x_wconf 76' lang='lat' dir='ltr'>delia</span> <span class='ocrx_word' id='word_1_139' title='bbox 658 1200 815 1243; x_wconf 85' lang='lat' dir='ltr'>buona</span> <span class='ocrx_word' id='word_1_140' title='bbox 846 1198 1154 1242; x_wconf 84' lang='lat' dir='ltr'>Letteratura</span> <span class='ocrx_word' id='word_1_141' title='bbox 1175 1208 1195 1247; x_wconf 88' lang='lat'><em>;</em></span> <span class='ocrx_word' id='word_1_142' title='bbox 1228 1194 1364 1236; x_wconf 75' lang='lat' dir='ltr'>accio</span> <span class='ocrx_word' id='word_1_143' title='bbox 1390 1200 1591 1249; x_wconf 84' lang='lat' dir='ltr'>ognuno</span> <span class='ocrx_word' id='word_1_144' title='bbox 1621 1184 1679 1231; x_wconf 84' lang='lat' dir='ltr'>fia</span> <span class='ocrx_word' id='word_1_145' title='bbox 1708 1196 1934 1232; x_wconf 86' lang='lat' dir='ltr'>acccorto</span> <span class='ocrx_word' id='word_1_146' title='bbox 1963 1201 2045 1246; x_wconf 85' lang='lat' dir='ltr'>per</span> <span class='ocrx_word' id='word_1_147' title='bbox 2083 1187 2115 1233; x_wconf 81' lang='grc' dir='ltr'>ι’</span> <span class='ocrx_word' id='word_1_148' title='bbox 2147 1201 2296 1234; x_wconf 77' lang='lat' dir='ltr'>avve-</span> 
     </span>
     <span class='ocr_line' id='line_1_14' title="bbox 255 1250 2295 1321; baseline -0.009 -5"><span class='ocrx_word' id='word_1_149' title='bbox 255 1270 361 1315; x_wconf 81' lang='lat' dir='ltr'>nire</span> <span class='ocrx_word' id='word_1_150' title='bbox 392 1280 418 1310; x_wconf 86' lang='lat' dir='ltr'>a</span> <span class='ocrx_word' id='word_1_151' title='bbox 450 1276 544 1309; x_wconf 88' lang='lat' dir='ltr'>non</span> <span class='ocrx_word' id='word_1_152' title='bbox 579 1260 875 1321; x_wconf 81' lang='lat' dir='ltr'>consegnare</span> <span class='ocrx_word' id='word_1_153' title='bbox 910 1274 934 1303; x_wconf 90' lang='lat' dir='ltr'>a</span> <span class='ocrx_word' id='word_1_154' title='bbox 969 1257 1084 1303; x_wconf 81' lang='lat' dir='ltr'>fimil</span> <span class='ocrx_word' id='word_1_155' title='bbox 1115 1256 1275 1301; x_wconf 83' lang='lat' dir='ltr'>Gente</span> <span class='ocrx_word' id='word_1_156' title='bbox 1315 1256 1327 1300; x_wconf 90' lang='lat' dir='ltr'>i</span> <span class='ocrx_word' id='word_1_157' title='bbox 1362 1254 1460 1299; x_wconf 86' lang='lat' dir='ltr'>suoi</span> <span class='ocrx_word' id='word_1_158' title='bbox 1493 1250 1772 1298; x_wconf 85' lang='lat' dir='ltr'>Giovinetti</span> <span class='ocrx_word' id='word_1_159' title='bbox 1816 1264 1899 1310; x_wconf 86' lang='lat' dir='ltr'>per</span> <span class='ocrx_word' id='word_1_160' title='bbox 1941 1250 1971 1296; x_wconf 88' lang='lat' dir='ltr'>l&#39;</span> <span class='ocrx_word' id='word_1_161' title='bbox 1997 1251 2295 1298; x_wconf 81' lang='lat' dir='ltr'>ammaestra-</span> 
     </span>
     <span class='ocr_line' id='line_1_15' title="bbox 258 1313 2295 1380; baseline -0.025 20"><span class='ocrx_word' id='word_1_162' title='bbox 258 1342 428 1380; x_wconf 65' lang='lat' dir='ltr'>mento</span> <span class='ocrx_word' id='word_1_163' title='bbox 464 1325 592 1373; x_wconf 59' lang='lat' dir='ltr'>”ella</span> <span class='ocrx_word' id='word_1_164' title='bbox 632 1326 898 1378; x_wconf 56' lang='lat' dir='ltr'>Domana,</span> <span class='ocrx_word' id='word_1_165' title='bbox 928 1338 952 1368; x_wconf 71' lang='lat' dir='ltr'>e</span> <span class='ocrx_word' id='word_1_166' title='bbox 986 1322 1060 1367; x_wconf 78' lang='lat' dir='ltr'>ne&#39;</span> <span class='ocrx_word' id='word_1_167' title='bbox 1089 1320 1235 1367; x_wconf 80' lang='lat' dir='ltr'>buoni</span> <span class='ocrx_word' id='word_1_168' title='bbox 1271 1318 1507 1372; x_wconf 83' lang='lat' dir='ltr'>costumi;</span> <span class='ocrx_word' id='word_1_169' title='bbox 1532 1316 1723 1362; x_wconf 89' lang='lat' dir='ltr'>avendo</span> <span class='ocrx_word' id='word_1_170' title='bbox 1751 1313 1825 1360; x_wconf 81' lang='lat' dir='ltr'>effi</span> <span class='ocrx_word' id='word_1_171' title='bbox 1858 1315 2137 1363; x_wconf 81' lang='lat' dir='ltr'>dimostrato</span> <span class='ocrx_word' id='word_1_172' title='bbox 2170 1316 2295 1364; x_wconf 67' lang='lat' dir='ltr'>nesse</span> 
     </span>
     <span class='ocr_line' id='line_1_16' title="bbox 257 1380 2291 1452; baseline -0.02 -7"><span class='ocrx_word' id='word_1_173' title='bbox 257 1397 368 1445; x_wconf 81' lang='lat' dir='ltr'>loro</span> <span class='ocrx_word' id='word_1_174' title='bbox 409 1393 617 1452; x_wconf 83' lang='lat' dir='ltr'>indegne</span> <span class='ocrx_word' id='word_1_175' title='bbox 658 1389 813 1433; x_wconf 84' lang='lat' dir='ltr'>Satire</span> <span class='ocrx_word' id='word_1_176' title='bbox 847 1415 863 1440; x_wconf 90' lang='lat'>,</span> <span class='ocrx_word' id='word_1_177' title='bbox 918 1397 1104 1444; x_wconf 86' lang='lat' dir='ltr'>quanto</span> <span class='ocrx_word' id='word_1_178' title='bbox 1136 1397 1261 1441; x_wconf 86' lang='lat' dir='ltr'>poco</span> <span class='ocrx_word' id='word_1_179' title='bbox 1295 1383 1505 1427; x_wconf 83' lang='lat' dir='ltr'>abbiano</span> <span class='ocrx_word' id='word_1_180' title='bbox 1533 1380 1580 1425; x_wconf 90' lang='lat' dir='ltr'>di</span> <span class='ocrx_word' id='word_1_181' title='bbox 1617 1380 1813 1437; x_wconf 79' lang='lat' dir='ltr'>sapere,</span> <span class='ocrx_word' id='word_1_182' title='bbox 1853 1395 1879 1425; x_wconf 80' lang='lat' dir='ltr'>e</span> <span class='ocrx_word' id='word_1_183' title='bbox 1929 1381 1974 1426; x_wconf 67' lang='lat' dir='ltr'>di</span> <span class='ocrx_word' id='word_1_184' title='bbox 2016 1381 2291 1428; x_wconf 53' lang='lat' dir='ltr'>coscjenza·</span> 
     </span>
     <span class='ocr_line' id='line_1_17' title="bbox 259 1441 2294 1518; baseline -0.027 1"><span class='ocrx_word' id='word_1_185' title='bbox 259 1458 477 1518; x_wconf 75' lang='lat' dir='ltr'>Quando</span> <span class='ocrx_word' id='word_1_186' title='bbox 505 1458 536 1501; x_wconf 71' lang='lat' dir='ltr'>il</span> <span class='ocrx_word' id='word_1_187' title='bbox 574 1455 708 1512; x_wconf 64' lang='grc' dir='ltr'>[ΗΡΘ</span> <span class='ocrx_word' id='word_1_188' title='bbox 745 1450 874 1497; x_wconf 90' lang='lat' dir='ltr'>sotto</span> <span class='ocrx_word' id='word_1_189' title='bbox 909 1448 1039 1508; x_wconf 82' lang='lat' dir='ltr'>pelle</span> <span class='ocrx_word' id='word_1_190' title='bbox 1079 1447 1126 1491; x_wconf 87' lang='lat' dir='ltr'>di</span> <span class='ocrx_word' id='word_1_191' title='bbox 1162 1444 1370 1506; x_wconf 82' lang='lat' dir='ltr'>Agnello</span> <span class='ocrx_word' id='word_1_192' title='bbox 1410 1443 1522 1489; x_wconf 85' lang='lat' dir='ltr'>vuol</span> <span class='ocrx_word' id='word_1_193' title='bbox 1553 1441 1650 1488; x_wconf 81' lang='lat' dir='ltr'>sare</span> <span class='ocrx_word' id='word_1_194' title='bbox 1679 1442 1829 1502; x_wconf 77' lang='lat' dir='ltr'>strage</span> <span class='ocrx_word' id='word_1_195' title='bbox 1860 1442 1984 1491; x_wconf 66' lang='lat' dir='ltr'>deme</span> <span class='ocrx_word' id='word_1_196' title='bbox 2020 1448 2192 1493; x_wconf 87' lang='lat' dir='ltr'>Pecore</span> <span class='ocrx_word' id='word_1_197' title='bbox 2222 1476 2237 1499; x_wconf 41' lang='lat'>2</span> <span class='ocrx_word' id='word_1_198' title='bbox 2264 1446 2294 1492; x_wconf 68' lang='lat' dir='ltr'>fi</span> 
     </span>
     <span class='ocr_line' id='line_1_18' title="bbox 254 1506 2295 1581; baseline -0.016 -9"><span class='ocrx_word' id='word_1_199' title='bbox 254 1527 347 1572; x_wconf 89' lang='lat' dir='ltr'>dee</span> <span class='ocrx_word' id='word_1_200' title='bbox 382 1520 616 1581; x_wconf 88' lang='lat' dir='ltr'>scoprire,</span> <span class='ocrx_word' id='word_1_201' title='bbox 646 1515 891 1577; x_wconf 75' lang='lat' dir='ltr'>sgridare,</span> <span class='ocrx_word' id='word_1_202' title='bbox 919 1511 1188 1572; x_wconf 84' lang='lat' dir='ltr'>inseguire,</span> <span class='ocrx_word' id='word_1_203' title='bbox 1217 1526 1242 1554; x_wconf 90' lang='lat' dir='ltr'>e</span> <span class='ocrx_word' id='word_1_204' title='bbox 1287 1508 1553 1555; x_wconf 86' lang='lat' dir='ltr'>rovesciare</span> <span class='ocrx_word' id='word_1_205' title='bbox 1587 1507 1722 1552; x_wconf 87' lang='lat' dir='ltr'>sovra</span> <span class='ocrx_word' id='word_1_206' title='bbox 1767 1508 1813 1553; x_wconf 90' lang='lat' dir='ltr'>di</span> <span class='ocrx_word' id='word_1_207' title='bbox 1847 1506 1942 1553; x_wconf 78' lang='lat' dir='ltr'>effo</span> <span class='ocrx_word' id='word_1_208' title='bbox 1989 1512 2098 1572; x_wconf 73' lang='lat' dir='ltr'>quel</span> <span class='ocrx_word' id='word_1_209' title='bbox 2137 1511 2295 1567; x_wconf 63' lang='lat' dir='ltr'>male,</span> 
     </span>
     <span class='ocr_line' id='line_1_19' title="bbox 255 1569 1980 1640; baseline -0.013 -3"><span class='ocrx_word' id='word_1_210' title='bbox 255 1590 346 1638; x_wconf 81' lang='lat' dir='ltr'>che</span> <span class='ocrx_word' id='word_1_211' title='bbox 379 1585 526 1633; x_wconf 83' lang='lat' dir='ltr'>altrui</span> <span class='ocrx_word' id='word_1_212' title='bbox 580 1597 637 1628; x_wconf 91' lang='lat' dir='ltr'>ne</span> <span class='ocrx_word' id='word_1_213' title='bbox 679 1592 978 1640; x_wconf 77' lang='lat' dir='ltr'>proccurava</span> <span class='ocrx_word' id='word_1_214' title='bbox 998 1604 1011 1619; x_wconf 86' lang='grc'><strong>.</strong></span> <span class='ocrx_word' id='word_1_215' title='bbox 1047 1577 1222 1621; x_wconf 87' lang='lat' dir='ltr'>Serviti</span> <span class='ocrx_word' id='word_1_216' title='bbox 1249 1573 1361 1618; x_wconf 81' lang='lat' dir='ltr'>dell’</span> <span class='ocrx_word' id='word_1_217' title='bbox 1388 1572 1585 1628; x_wconf 87' lang='lat' dir='ltr'>avviso,</span> <span class='ocrx_word' id='word_1_218' title='bbox 1614 1587 1639 1617; x_wconf 92' lang='lat' dir='ltr'>e</span> <span class='ocrx_word' id='word_1_219' title='bbox 1668 1572 1767 1617; x_wconf 82' lang='lat' dir='ltr'>vivi</span> <span class='ocrx_word' id='word_1_220' title='bbox 1798 1569 1941 1619; x_wconf 81' lang='lat' dir='ltr'>felice</span> <span class='ocrx_word' id='word_1_221' title='bbox 1963 1603 1980 1619; x_wconf 85' lang='lat'><strong>.</strong></span> 
     </span>
    </p>
   </div>
   <div class='ocr_carea' id='block_1_3' title="bbox 254 1698 2296 1844">
    <p class='ocr_par' dir='ltr' id='par_1_3' title="bbox 254 1698 2296 1844">
     <span class='ocr_line' id='line_1_20' title="bbox 385 1698 2296 1785; baseline -0.009 -24"><span class='ocrx_word' id='word_1_222' title='bbox 385 1715 442 1785; x_wconf 28' lang='lat' dir='ltr'>§.q</span> <span class='ocrx_word' id='word_1_223' title='bbox 471 1716 533 1760; x_wconf 76' lang='grc' dir='ltr'>ΙΙ.</span> <span class='ocrx_word' id='word_1_224' title='bbox 571 1707 696 1756; x_wconf 69' lang='lat' dir='ltr'>Faffi</span> <span class='ocrx_word' id='word_1_225' title='bbox 730 1705 866 1753; x_wconf 86' lang='lat' dir='ltr'>series</span> <span class='ocrx_word' id='word_1_226' title='bbox 885 1733 899 1760; x_wconf 86' lang='lat'>‚</span> <span class='ocrx_word' id='word_1_227' title='bbox 929 1702 980 1751; x_wconf 69' lang='grc' dir='ltr'>δι</span> <span class='ocrx_word' id='word_1_228' title='bbox 1012 1701 1146 1762; x_wconf 84' lang='lat' dir='ltr'>super</span> <span class='ocrx_word' id='word_1_229' title='bbox 1174 1716 1232 1748; x_wconf 88' lang='lat' dir='ltr'>eo</span> <span class='ocrx_word' id='word_1_230' title='bbox 1261 1698 1594 1748; x_wconf 82' lang='lat' dir='ltr'>dubitationes</span> <span class='ocrx_word' id='word_1_231' title='bbox 1621 1698 1791 1747; x_wconf 88' lang='lat' dir='ltr'>Almae</span> <span class='ocrx_word' id='word_1_232' title='bbox 1810 1698 2129 1749; x_wconf 83' lang='lat' dir='ltr'>Univerfitati</span> <span class='ocrx_word' id='word_1_233' title='bbox 2157 1705 2296 1752; x_wconf 86' lang='lat' dir='ltr'>N.N.</span> 
     </span>
     <span class='ocr_line' id='line_1_21' title="bbox 254 1785 560 1844; baseline -0.026 -14"><span class='ocrx_word' id='word_1_234' title='bbox 254 1785 560 1844; x_wconf 76' lang='lat' dir='ltr'>propositae.</span> 
     </span>
    </p>
   </div>
   <div class='ocr_carea' id='block_1_4' title="bbox 257 1893 2297 3198">
    <p class='ocr_par' dir='ltr' id='par_1_4' title="bbox 257 1893 2297 2799">
     <span class='ocr_line' id='line_1_22' title="bbox 385 1893 2295 1968; baseline -0.005 -15"><span class='ocrx_word' id='word_1_235' title='bbox 385 1903 722 1968; x_wconf 84' lang='lat' dir='ltr'>Sempronius,</span> <span class='ocrx_word' id='word_1_236' title='bbox 763 1899 884 1949; x_wconf 76' lang='lat' dir='ltr'>falsis</span> <span class='ocrx_word' id='word_1_237' title='bbox 913 1896 1197 1962; x_wconf 84' lang='lat' dir='ltr'>quibusdam</span> <span class='ocrx_word' id='word_1_238' title='bbox 1236 1894 1586 1959; x_wconf 82' lang='lat' dir='ltr'>suspicionibus</span> <span class='ocrx_word' id='word_1_239' title='bbox 1628 1895 1716 1943; x_wconf 87' lang='lat' dir='ltr'>suis</span> <span class='ocrx_word' id='word_1_240' title='bbox 1763 1893 1982 1941; x_wconf 63' lang='lat' dir='ltr'>indueius</span> <span class='ocrx_word' id='word_1_241' title='bbox 2010 1925 2025 1952; x_wconf 88' lang='lat'>‚</span> <span class='ocrx_word' id='word_1_242' title='bbox 2069 1900 2295 1956; x_wconf 86' lang='lat' dir='ltr'>putavit,</span> 
     </span>
     <span class='ocr_line' id='line_1_23' title="bbox 260 1961 2295 2034; baseline -0.006 -12"><span class='ocrx_word' id='word_1_243' title='bbox 260 1975 308 2024; x_wconf 89' lang='lat' dir='ltr'>se</span> <span class='ocrx_word' id='word_1_244' title='bbox 341 1975 538 2034; x_wconf 85' lang='lat' dir='ltr'>suosque</span> <span class='ocrx_word' id='word_1_245' title='bbox 565 1971 692 2017; x_wconf 85' lang='lat' dir='ltr'>cives</span> <span class='ocrx_word' id='word_1_246' title='bbox 724 1984 749 2014; x_wconf 83' lang='lat' dir='ltr'>a</span> <span class='ocrx_word' id='word_1_247' title='bbox 786 1965 907 2021; x_wconf 71' lang='lat' dir='ltr'>Caio</span> <span class='ocrx_word' id='word_1_248' title='bbox 942 1963 996 2013; x_wconf 60' lang='grc' dir='ltr'>ὃς*</span> <span class='ocrx_word' id='word_1_249' title='bbox 1029 1965 1162 2011; x_wconf 90' lang='lat' dir='ltr'>Titio</span> <span class='ocrx_word' id='word_1_250' title='bbox 1189 1964 1399 2027; x_wconf 85' lang='lat' dir='ltr'>quodam</span> <span class='ocrx_word' id='word_1_251' title='bbox 1441 1961 1597 2007; x_wconf 87' lang='lat' dir='ltr'>latino</span> <span class='ocrx_word' id='word_1_252' title='bbox 1625 1962 1838 2007; x_wconf 83' lang='lat' dir='ltr'>carmine</span> <span class='ocrx_word' id='word_1_253' title='bbox 1871 1961 2084 2009; x_wconf 77' lang='lat' dir='ltr'>violatos</span> <span class='ocrx_word' id='word_1_254' title='bbox 2110 1976 2122 2018; x_wconf 80' lang='lat'>3</span> <span class='ocrx_word' id='word_1_255' title='bbox 2148 1978 2295 2025; x_wconf 86' lang='lat' dir='ltr'>quum</span> 
     </span>
     <span class='ocr_line' id='line_1_24' title="bbox 259 2024 2294 2102; baseline -0.008 -15"><span class='ocrx_word' id='word_1_256' title='bbox 259 2055 420 2102; x_wconf 84' lang='lat' dir='ltr'>neque</span> <span class='ocrx_word' id='word_1_257' title='bbox 448 2035 591 2092; x_wconf 74' lang='lat' dir='ltr'>Caius</span> <span class='ocrx_word' id='word_1_258' title='bbox 621 2049 774 2096; x_wconf 80' lang='lat' dir='ltr'>neque</span> <span class='ocrx_word' id='word_1_259' title='bbox 805 2033 960 2078; x_wconf 84' lang='lat' dir='ltr'>Titius</span> <span class='ocrx_word' id='word_1_260' title='bbox 988 2027 1206 2076; x_wconf 57' lang='lat' dir='ltr'>auctores</span> <span class='ocrx_word' id='word_1_261' title='bbox 1231 2032 1377 2077; x_wconf 73' lang='lat' dir='ltr'>client</span> <span class='ocrx_word' id='word_1_262' title='bbox 1412 2024 1642 2083; x_wconf 82' lang='lat' dir='ltr'>ejusmodi</span> <span class='ocrx_word' id='word_1_263' title='bbox 1686 2027 1924 2073; x_wconf 72' lang='lat' dir='ltr'>carminis</span> <span class='ocrx_word' id='word_1_264' title='bbox 1953 2055 1968 2080; x_wconf 89' lang='lat'>‚</span> <span class='ocrx_word' id='word_1_265' title='bbox 2013 2040 2169 2087; x_wconf 87' lang='lat' dir='ltr'>neque</span> <span class='ocrx_word' id='word_1_266' title='bbox 2198 2027 2294 2087; x_wconf 87' lang='lat' dir='ltr'>ipse</span> 
     </span>
     <span class='ocr_line' id='line_1_25' title="bbox 258 2089 2293 2156; baseline -0.006 -4"><span class='ocrx_word' id='word_1_267' title='bbox 258 2119 345 2152; x_wconf 83' lang='lat' dir='ltr'>aut</span> <span class='ocrx_word' id='word_1_268' title='bbox 377 2105 439 2151; x_wconf 90' lang='lat' dir='ltr'>sui</span> <span class='ocrx_word' id='word_1_269' title='bbox 480 2104 608 2149; x_wconf 86' lang='lat' dir='ltr'>cives</span> <span class='ocrx_word' id='word_1_270' title='bbox 638 2114 754 2145; x_wconf 89' lang='lat' dir='ltr'>vero</span> <span class='ocrx_word' id='word_1_271' title='bbox 785 2095 965 2144; x_wconf 58' lang='lat' dir='ltr'>audori</span> <span class='ocrx_word' id='word_1_272' title='bbox 1001 2095 1221 2156; x_wconf 77' lang='lat' dir='ltr'>cogniti,</span> <span class='ocrx_word' id='word_1_273' title='bbox 1253 2099 1429 2139; x_wconf 87' lang='lat' dir='ltr'>nedum</span> <span class='ocrx_word' id='word_1_274' title='bbox 1467 2091 1674 2151; x_wconf 72' lang='lat' dir='ltr'>adpetiti</span> <span class='ocrx_word' id='word_1_275' title='bbox 1705 2092 1890 2146; x_wconf 67' lang='lat' dir='ltr'>essent,</span> <span class='ocrx_word' id='word_1_276' title='bbox 1928 2089 1982 2138; x_wconf 69' lang='grc' dir='ltr'>δε</span> <span class='ocrx_word' id='word_1_277' title='bbox 2024 2103 2155 2139; x_wconf 89' lang='lat' dir='ltr'>certe</span> <span class='ocrx_word' id='word_1_278' title='bbox 2194 2106 2293 2139; x_wconf 88' lang='lat' dir='ltr'>non</span> 
     </span>
     <span class='ocr_line' id='line_1_26' title="bbox 257 2154 2297 2227; baseline -0.007 -10"><span class='ocrx_word' id='word_1_279' title='bbox 257 2168 497 2216; x_wconf 84' lang='lat' dir='ltr'>nominati</span> <span class='ocrx_word' id='word_1_280' title='bbox 541 2180 696 2227; x_wconf 85' lang='lat' dir='ltr'>neque</span> <span class='ocrx_word' id='word_1_281' title='bbox 725 2164 948 2222; x_wconf 77' lang='lat' dir='ltr'>descripti</span> <span class='ocrx_word' id='word_1_282' title='bbox 980 2162 1047 2206; x_wconf 79' lang='lat' dir='ltr'>ita</span> <span class='ocrx_word' id='word_1_283' title='bbox 1067 2189 1082 2214; x_wconf 87' lang='lat'>,</span> <span class='ocrx_word' id='word_1_284' title='bbox 1113 2172 1165 2205; x_wconf 88' lang='lat' dir='ltr'>ut</span> <span class='ocrx_word' id='word_1_285' title='bbox 1185 2189 1201 2215; x_wconf 84' lang='grc'>,</span> <span class='ocrx_word' id='word_1_286' title='bbox 1227 2174 1329 2220; x_wconf 87' lang='lat' dir='ltr'>quae</span> <span class='ocrx_word' id='word_1_287' title='bbox 1368 2158 1459 2204; x_wconf 88' lang='lat' dir='ltr'>dici</span> <span class='ocrx_word' id='word_1_288' title='bbox 1493 2156 1553 2202; x_wconf 84' lang='lat' dir='ltr'>de</span> <span class='ocrx_word' id='word_1_289' title='bbox 1589 2154 1633 2202; x_wconf 89' lang='lat' dir='ltr'>se</span> <span class='ocrx_word' id='word_1_290' title='bbox 1662 2156 1848 2219; x_wconf 85' lang='lat' dir='ltr'>suisque</span> <span class='ocrx_word' id='word_1_291' title='bbox 1868 2156 2173 2217; x_wconf 73' lang='lat' dir='ltr'>Sempronius</span> <span class='ocrx_word' id='word_1_292' title='bbox 2194 2172 2297 2203; x_wconf 87' lang='lat' dir='ltr'>cre-</span> 
     </span>
     <span class='ocr_line' id='line_1_27' title="bbox 257 2220 2294 2287; baseline -0.006 -7"><span class='ocrx_word' id='word_1_293' title='bbox 257 2235 412 2287; x_wconf 80' lang='lat' dir='ltr'>didit,</span> <span class='ocrx_word' id='word_1_294' title='bbox 447 2247 539 2278; x_wconf 87' lang='lat' dir='ltr'>non</span> <span class='ocrx_word' id='word_1_295' title='bbox 570 2230 828 2276; x_wconf 80' lang='lat' dir='ltr'>innumeris</span> <span class='ocrx_word' id='word_1_296' title='bbox 856 2227 963 2272; x_wconf 84' lang='lat' dir='ltr'>aliis</span> <span class='ocrx_word' id='word_1_297' title='bbox 989 2226 1313 2272; x_wconf 85' lang='lat' dir='ltr'>convenirent</span> <span class='ocrx_word' id='word_1_298' title='bbox 1342 2252 1357 2267; x_wconf 72' lang='lat'><em>0</em></span> <span class='ocrx_word' id='word_1_299' title='bbox 1393 2225 1622 2268; x_wconf 82' lang='lat' dir='ltr'>Attamen</span> <span class='ocrx_word' id='word_1_300' title='bbox 1662 2220 1776 2267; x_wconf 84' lang='lat' dir='ltr'>falsa</span> <span class='ocrx_word' id='word_1_301' title='bbox 1815 2221 1896 2266; x_wconf 79' lang='lat' dir='ltr'>illa</span> <span class='ocrx_word' id='word_1_302' title='bbox 1941 2220 2019 2267; x_wconf 84' lang='lat' dir='ltr'>sua</span> <span class='ocrx_word' id='word_1_303' title='bbox 2058 2222 2294 2281; x_wconf 88' lang='lat' dir='ltr'>opinione</span> 
     </span>
     <span class='ocr_line' id='line_1_28' title="bbox 258 2286 2292 2360; baseline -0.007 -15"><span class='ocrx_word' id='word_1_304' title='bbox 258 2297 532 2360; x_wconf 80' lang='lat' dir='ltr'>persuasus,</span> <span class='ocrx_word' id='word_1_305' title='bbox 562 2294 771 2340; x_wconf 69' lang='lat' dir='ltr'>libellum</span> <span class='ocrx_word' id='word_1_306' title='bbox 799 2291 1027 2338; x_wconf 81' lang='lat' dir='ltr'>famosum</span> <span class='ocrx_word' id='word_1_307' title='bbox 1051 2289 1355 2348; x_wconf 83' lang='lat' dir='ltr'>composuit,</span> <span class='ocrx_word' id='word_1_308' title='bbox 1381 2286 1432 2334; x_wconf 83' lang='lat'>&amp;</span> <span class='ocrx_word' id='word_1_309' title='bbox 1465 2289 1591 2346; x_wconf 83' lang='lat' dir='ltr'>typis</span> <span class='ocrx_word' id='word_1_310' title='bbox 1620 2286 1803 2333; x_wconf 88' lang='lat' dir='ltr'>editum</span> <span class='ocrx_word' id='word_1_311' title='bbox 1835 2287 2011 2348; x_wconf 88' lang='lat' dir='ltr'>ubique</span> <span class='ocrx_word' id='word_1_312' title='bbox 2034 2287 2292 2347; x_wconf 77' lang='lat' dir='ltr'>vulgavit:</span> 
     </span>
     <span class='ocr_line' id='line_1_29' title="bbox 259 2350 2293 2425; baseline -0.007 -15"><span class='ocrx_word' id='word_1_313' title='bbox 259 2379 360 2425; x_wconf 83' lang='lat' dir='ltr'>quo</span> <span class='ocrx_word' id='word_1_314' title='bbox 393 2363 439 2407; x_wconf 83' lang='lat' dir='ltr'>in</span> <span class='ocrx_word' id='word_1_315' title='bbox 474 2360 638 2405; x_wconf 76' lang='lat' dir='ltr'>iibeiio</span> <span class='ocrx_word' id='word_1_316' title='bbox 667 2357 900 2418; x_wconf 82' lang='lat' dir='ltr'>quidquid</span> <span class='ocrx_word' id='word_1_317' title='bbox 931 2354 1556 2407; x_wconf 83' lang='lat' dir='ltr'>contumeliae,convicii,</span> <span class='ocrx_word' id='word_1_318' title='bbox 1589 2365 1738 2412; x_wconf 88' lang='lat' dir='ltr'>atque</span> <span class='ocrx_word' id='word_1_319' title='bbox 1779 2350 2049 2397; x_wconf 82' lang='lat' dir='ltr'>calumniae</span> <span class='ocrx_word' id='word_1_320' title='bbox 2089 2363 2188 2396; x_wconf 91' lang='lat' dir='ltr'>tum</span> <span class='ocrx_word' id='word_1_321' title='bbox 2243 2356 2293 2396; x_wconf 90' lang='lat' dir='ltr'>in</span> 
     </span>
     <span class='ocr_line' id='line_1_30' title="bbox 257 2414 2295 2489; baseline -0.007 -14"><span class='ocrx_word' id='word_1_322' title='bbox 257 2429 540 2489; x_wconf 82' lang='lat' dir='ltr'>ingenium,</span> <span class='ocrx_word' id='word_1_323' title='bbox 583 2435 680 2467; x_wconf 83' lang='lat' dir='ltr'>tum</span> <span class='ocrx_word' id='word_1_324' title='bbox 712 2426 757 2468; x_wconf 86' lang='lat' dir='ltr'>in</span> <span class='ocrx_word' id='word_1_325' title='bbox 789 2421 1086 2473; x_wconf 63' lang='lat' dir='ltr'>doeirinam,</span> <span class='ocrx_word' id='word_1_326' title='bbox 1129 2432 1227 2464; x_wconf 87' lang='lat' dir='ltr'>tum</span> <span class='ocrx_word' id='word_1_327' title='bbox 1267 2419 1313 2464; x_wconf 93' lang='lat' dir='ltr'>in</span> <span class='ocrx_word' id='word_1_328' title='bbox 1348 2431 1502 2462; x_wconf 83' lang='lat' dir='ltr'>mores</span> <span class='ocrx_word' id='word_1_329' title='bbox 1540 2416 1741 2461; x_wconf 78' lang='lat' dir='ltr'>alicuius</span> <span class='ocrx_word' id='word_1_330' title='bbox 1787 2414 2055 2476; x_wconf 81' lang='lat' dir='ltr'>excogitari</span> <span class='ocrx_word' id='word_1_331' title='bbox 2109 2414 2295 2473; x_wconf 85' lang='lat' dir='ltr'>potest,</span> 
     </span>
     <span class='ocr_line' id='line_1_31' title="bbox 259 2476 2294 2542; baseline -0.01 -4"><span class='ocrx_word' id='word_1_332' title='bbox 259 2507 356 2538; x_wconf 85' lang='lat' dir='ltr'>non</span> <span class='ocrx_word' id='word_1_333' title='bbox 387 2490 532 2536; x_wconf 81' lang='lat' dir='ltr'>modo</span> <span class='ocrx_word' id='word_1_334' title='bbox 571 2489 615 2532; x_wconf 89' lang='lat' dir='ltr'>in</span> <span class='ocrx_word' id='word_1_335' title='bbox 644 2485 811 2541; x_wconf 72' lang='lat' dir='ltr'>Caium</span> <span class='ocrx_word' id='word_1_336' title='bbox 844 2499 898 2530; x_wconf 79' lang='lat' dir='ltr'>ac</span> <span class='ocrx_word' id='word_1_337' title='bbox 936 2485 1115 2530; x_wconf 87' lang='lat' dir='ltr'>Titium</span> <span class='ocrx_word' id='word_1_338' title='bbox 1138 2513 1152 2538; x_wconf 90' lang='lat'>,</span> <span class='ocrx_word' id='word_1_339' title='bbox 1179 2482 1387 2542; x_wconf 77' lang='lat' dir='ltr'>ipsorum</span> <span class='ocrx_word' id='word_1_340' title='bbox 1419 2480 1691 2526; x_wconf 86' lang='lat' dir='ltr'>nominibus</span> <span class='ocrx_word' id='word_1_341' title='bbox 1723 2479 1970 2540; x_wconf 67' lang='lat' dir='ltr'>expresiis,</span> <span class='ocrx_word' id='word_1_342' title='bbox 2000 2476 2187 2534; x_wconf 84' lang='lat' dir='ltr'>effudit,</span> <span class='ocrx_word' id='word_1_343' title='bbox 2211 2493 2294 2526; x_wconf 82' lang='lat' dir='ltr'>ve-</span> 
     </span>
     <span class='ocr_line' id='line_1_32' title="bbox 258 2546 2293 2604; baseline -0.007 -1"><span class='ocrx_word' id='word_1_344' title='bbox 258 2560 363 2604; x_wconf 74' lang='lat' dir='ltr'>turn</span> <span class='ocrx_word' id='word_1_345' title='bbox 396 2556 540 2601; x_wconf 86' lang='lat' dir='ltr'>etiam</span> <span class='ocrx_word' id='word_1_346' title='bbox 571 2552 618 2597; x_wconf 87' lang='lat' dir='ltr'>in</span> <span class='ocrx_word' id='word_1_347' title='bbox 646 2547 1062 2597; x_wconf 79' lang='lat' dir='ltr'>honestissimorum</span> <span class='ocrx_word' id='word_1_348' title='bbox 1098 2549 1342 2594; x_wconf 86' lang='lat' dir='ltr'>hominum</span> <span class='ocrx_word' id='word_1_349' title='bbox 1364 2576 1379 2601; x_wconf 93' lang='lat'>,</span> <span class='ocrx_word' id='word_1_350' title='bbox 1419 2549 1525 2593; x_wconf 89' lang='lat' dir='ltr'>Deo</span> <span class='ocrx_word' id='word_1_351' title='bbox 1556 2546 1803 2590; x_wconf 80' lang='lat' dir='ltr'>Sacrorum</span> <span class='ocrx_word' id='word_1_352' title='bbox 1841 2573 1856 2597; x_wconf 90' lang='lat'>,</span> <span class='ocrx_word' id='word_1_353' title='bbox 1892 2556 2075 2590; x_wconf 88' lang='lat' dir='ltr'>certum</span> <span class='ocrx_word' id='word_1_354' title='bbox 2123 2558 2293 2604; x_wconf 87' lang='lat' dir='ltr'>quem-</span> 
     </span>
     <span class='ocr_line' id='line_1_33' title="bbox 259 2607 2293 2674; baseline -0.006 -7"><span class='ocrx_word' id='word_1_355' title='bbox 259 2623 369 2667; x_wconf 85' lang='lat' dir='ltr'>dam</span> <span class='ocrx_word' id='word_1_356' title='bbox 404 2632 629 2671; x_wconf 81' lang='lat' dir='ltr'>coetum,</span> <span class='ocrx_word' id='word_1_357' title='bbox 658 2610 1094 2662; x_wconf 77' lang='lat' dir='ltr'>maledicentissime</span> <span class='ocrx_word' id='word_1_358' title='bbox 1134 2611 1389 2674; x_wconf 72' lang='lat' dir='ltr'>congessit:</span> <span class='ocrx_word' id='word_1_359' title='bbox 1433 2609 1597 2670; x_wconf 86' lang='lat' dir='ltr'>Populi</span> <span class='ocrx_word' id='word_1_360' title='bbox 1639 2607 1921 2654; x_wconf 85' lang='lat' dir='ltr'>seditionem</span> <span class='ocrx_word' id='word_1_361' title='bbox 1970 2620 2189 2653; x_wconf 84' lang='lat' dir='ltr'>extremo</span> <span class='ocrx_word' id='word_1_362' title='bbox 2232 2608 2293 2655; x_wconf 85' lang='lat' dir='ltr'>li-</span> 
     </span>
     <span class='ocr_line' id='line_1_34' title="bbox 260 2670 2294 2737; baseline -0.006 -5"><span class='ocrx_word' id='word_1_363' title='bbox 260 2686 389 2732; x_wconf 75' lang='lat' dir='ltr'>beilo</span> <span class='ocrx_word' id='word_1_364' title='bbox 425 2683 672 2730; x_wconf 85' lang='lat' dir='ltr'>concitare</span> <span class='ocrx_word' id='word_1_365' title='bbox 694 2691 927 2730; x_wconf 81' lang='lat' dir='ltr'>conatus,</span> <span class='ocrx_word' id='word_1_366' title='bbox 954 2679 1271 2737; x_wconf 82' lang='lat' dir='ltr'>hortatusque</span> <span class='ocrx_word' id='word_1_367' title='bbox 1297 2689 1492 2729; x_wconf 87' lang='lat' dir='ltr'>omnes,</span> <span class='ocrx_word' id='word_1_368' title='bbox 1525 2686 1577 2719; x_wconf 91' lang='lat' dir='ltr'>ut</span> <span class='ocrx_word' id='word_1_369' title='bbox 1600 2686 1803 2718; x_wconf 87' lang='lat' dir='ltr'>mortem</span> <span class='ocrx_word' id='word_1_370' title='bbox 1834 2671 1887 2719; x_wconf 71' lang='lat' dir='ltr'>&lt;Sc</span> <span class='ocrx_word' id='word_1_371' title='bbox 1917 2670 2107 2728; x_wconf 76' lang='lat' dir='ltr'>Caio&amp;</span> <span class='ocrx_word' id='word_1_372' title='bbox 2137 2672 2294 2731; x_wconf 83' lang='lat' dir='ltr'>Titio,</span> 
     </span>
     <span class='ocr_line' id='line_1_35' title="bbox 258 2736 2126 2799; baseline -0.009 -1"><span class='ocrx_word' id='word_1_373' title='bbox 258 2750 314 2799; x_wconf 80' lang='lat'>&amp;</span> <span class='ocrx_word' id='word_1_374' title='bbox 345 2747 568 2797; x_wconf 81' lang='lat' dir='ltr'>universo</span> <span class='ocrx_word' id='word_1_375' title='bbox 600 2748 788 2792; x_wconf 88' lang='lat' dir='ltr'>illorum</span> <span class='ocrx_word' id='word_1_376' title='bbox 817 2741 1106 2788; x_wconf 81' lang='lat' dir='ltr'>Coetuifine</span> <span class='ocrx_word' id='word_1_377' title='bbox 1134 2742 1443 2787; x_wconf 86' lang='lat' dir='ltr'>dubitatione</span> <span class='ocrx_word' id='word_1_378' title='bbox 1477 2738 1830 2798; x_wconf 77' lang='lat' dir='ltr'>quamprimum</span> <span class='ocrx_word' id='word_1_379' title='bbox 1861 2736 2126 2783; x_wconf 83' lang='lat' dir='ltr'>inferrent.</span> 
     </span>
    </p>

    <p class='ocr_par' dir='ltr' id='par_1_5' title="bbox 258 2799 2293 2995">
     <span class='ocr_line' id='line_1_36' title="bbox 391 2799 2293 2872; baseline -0.006 -14"><span class='ocrx_word' id='word_1_380' title='bbox 391 2813 656 2872; x_wconf 82' lang='lat' dir='ltr'>Qaeritur</span> <span class='ocrx_word' id='word_1_381' title='bbox 690 2812 870 2871; x_wconf 87' lang='lat' dir='ltr'>primo:</span> <span class='ocrx_word' id='word_1_382' title='bbox 904 2808 977 2852; x_wconf 86' lang='lat' dir='ltr'>An</span> <span class='ocrx_word' id='word_1_383' title='bbox 1008 2809 1225 2867; x_wconf 82' lang='lat' dir='ltr'>graviter</span> <span class='ocrx_word' id='word_1_384' title='bbox 1258 2806 1467 2865; x_wconf 86' lang='lat' dir='ltr'>peccarit</span> <span class='ocrx_word' id='word_1_385' title='bbox 1493 2804 1800 2862; x_wconf 82' lang='lat' dir='ltr'>Sempronius</span> <span class='ocrx_word' id='word_1_386' title='bbox 1828 2832 1843 2857; x_wconf 91' lang='lat'>,</span> <span class='ocrx_word' id='word_1_387' title='bbox 1881 2802 1962 2862; x_wconf 89' lang='lat' dir='ltr'>qui</span> <span class='ocrx_word' id='word_1_388' title='bbox 2001 2799 2177 2847; x_wconf 81' lang='lat' dir='ltr'>famam</span> <span class='ocrx_word' id='word_1_389' title='bbox 2215 2813 2293 2848; x_wconf 87' lang='lat' dir='ltr'>at·</span> 
     </span>
     <span class='ocr_line' id='line_1_37' title="bbox 261 2867 2291 2943; baseline -0.007 -16"><span class='ocrx_word' id='word_1_390' title='bbox 261 2897 355 2943; x_wconf 86' lang='lat' dir='ltr'>que</span> <span class='ocrx_word' id='word_1_391' title='bbox 384 2880 506 2924; x_wconf 88' lang='lat' dir='ltr'>adeo</span> <span class='ocrx_word' id='word_1_392' title='bbox 536 2879 718 2931; x_wconf 85' lang='lat' dir='ltr'>vitam,</span> <span class='ocrx_word' id='word_1_393' title='bbox 748 2885 981 2938; x_wconf 83' lang='lat' dir='ltr'>quantum</span> <span class='ocrx_word' id='word_1_394' title='bbox 1013 2874 1060 2917; x_wconf 85' lang='lat' dir='ltr'>in</span> <span class='ocrx_word' id='word_1_395' title='bbox 1091 2870 1192 2932; x_wconf 87' lang='lat' dir='ltr'>ipso</span> <span class='ocrx_word' id='word_1_396' title='bbox 1229 2869 1352 2925; x_wconf 85' lang='lat' dir='ltr'>fuit,</span> <span class='ocrx_word' id='word_1_397' title='bbox 1381 2870 1588 2917; x_wconf 84' lang='lat' dir='ltr'>adimere</span> <span class='ocrx_word' id='word_1_398' title='bbox 1612 2867 1957 2914; x_wconf 83' lang='lat' dir='ltr'>Innocentibus</span> <span class='ocrx_word' id='word_1_399' title='bbox 1988 2867 2291 2928; x_wconf 83' lang='lat' dir='ltr'>concupierit</span> 
     </span>
     <span class='ocr_line' id='line_1_38' title="bbox 258 2941 686 2995; baseline -0.021 -2"><span class='ocrx_word' id='word_1_400' title='bbox 258 2948 313 2995; x_wconf 70' lang='grc' dir='ltr'>ὅ(</span> <span class='ocrx_word' id='word_1_401' title='bbox 351 2941 686 2992; x_wconf 87' lang='lat' dir='ltr'>contenderit.</span> 
     </span>
    </p>

    <p class='ocr_par' dir='ltr' id='par_1_6' title="bbox 260 2994 2290 3198">
     <span class='ocr_line' id='line_1_39' title="bbox 389 2994 2290 3067; baseline -0.007 -13"><span class='ocrx_word' id='word_1_402' title='bbox 389 3008 654 3067; x_wconf 74' lang='lat' dir='ltr'>Quaeritur</span> <span class='ocrx_word' id='word_1_403' title='bbox 679 3005 916 3053; x_wconf 91' lang='lat' dir='ltr'>secundo:</span> <span class='ocrx_word' id='word_1_404' title='bbox 948 3002 1078 3062; x_wconf 76' lang='lat' dir='ltr'>Quid</span> <span class='ocrx_word' id='word_1_405' title='bbox 1096 3004 1425 3064; x_wconf 87' lang='lat' dir='ltr'>Sempronium</span> <span class='ocrx_word' id='word_1_406' title='bbox 1449 2998 1678 3062; x_wconf 83' lang='lat' dir='ltr'>praestare</span> <span class='ocrx_word' id='word_1_407' title='bbox 1708 2998 1887 3045; x_wconf 79' lang='lat' dir='ltr'>necefle</span> <span class='ocrx_word' id='word_1_408' title='bbox 1921 2996 2007 3052; x_wconf 83' lang='lat' dir='ltr'>sit,</span> <span class='ocrx_word' id='word_1_409' title='bbox 2041 3009 2096 3043; x_wconf 92' lang='lat' dir='ltr'>ut</span> <span class='ocrx_word' id='word_1_410' title='bbox 2130 2994 2290 3040; x_wconf 86' lang='lat' dir='ltr'>famae</span> 
     </span>
     <span class='ocr_line' id='line_1_40' title="bbox 260 3061 2289 3130; baseline -0.008 -9"><span class='ocrx_word' id='word_1_411' title='bbox 260 3072 599 3122; x_wconf 82' lang='lat' dir='ltr'>Innocentium</span> <span class='ocrx_word' id='word_1_412' title='bbox 620 3101 635 3126; x_wconf 90' lang='lat'>,</span> <span class='ocrx_word' id='word_1_413' title='bbox 665 3084 762 3117; x_wconf 88' lang='lat' dir='ltr'>tam</span> <span class='ocrx_word' id='word_1_414' title='bbox 797 3073 1030 3116; x_wconf 85' lang='lat' dir='ltr'>atrociter</span> <span class='ocrx_word' id='word_1_415' title='bbox 1061 3069 1236 3130; x_wconf 88' lang='lat' dir='ltr'>ubique</span> <span class='ocrx_word' id='word_1_416' title='bbox 1265 3068 1507 3119; x_wconf 85' lang='lat' dir='ltr'>violatae,</span> <span class='ocrx_word' id='word_1_417' title='bbox 1538 3066 1830 3125; x_wconf 85' lang='lat' dir='ltr'>prospiciat,</span> <span class='ocrx_word' id='word_1_418' title='bbox 1861 3061 1913 3108; x_wconf 85' lang='lat'>&amp;</span> <span class='ocrx_word' id='word_1_419' title='bbox 1943 3061 2051 3109; x_wconf 84' lang='lat' dir='ltr'>suae</span> <span class='ocrx_word' id='word_1_420' title='bbox 2085 3061 2289 3107; x_wconf 83' lang='lat' dir='ltr'>Animae</span> 
     </span>
     <span class='ocr_line' id='line_1_41' title="bbox 261 3122 2288 3198; baseline -0.008 -12"><span class='ocrx_word' id='word_1_421' title='bbox 261 3138 536 3187; x_wconf 85' lang='lat' dir='ltr'>vulneribus</span> <span class='ocrx_word' id='word_1_422' title='bbox 565 3139 849 3195; x_wconf 78' lang='lat' dir='ltr'>medeatur,</span> <span class='ocrx_word' id='word_1_423' title='bbox 878 3137 1165 3198; x_wconf 82' lang='lat' dir='ltr'>veniamque</span> <span class='ocrx_word' id='word_1_424' title='bbox 1192 3149 1219 3181; x_wconf 82' lang='lat' dir='ltr'>a</span> <span class='ocrx_word' id='word_1_425' title='bbox 1253 3135 1363 3183; x_wconf 90' lang='lat' dir='ltr'>Deo</span> <span class='ocrx_word' id='word_1_426' title='bbox 1397 3144 1542 3194; x_wconf 82' lang='lat' dir='ltr'>atque</span> <span class='ocrx_word' id='word_1_427' title='bbox 1580 3142 1830 3179; x_wconf 82' lang='lat' dir='ltr'>aeternam</span> <span class='ocrx_word' id='word_1_428' title='bbox 1874 3125 2076 3176; x_wconf 86' lang='lat' dir='ltr'>salutern</span> <span class='ocrx_word' id='word_1_429' title='bbox 2114 3122 2288 3180; x_wconf 61' lang='lat' dir='ltr'>vconse-3</span> 
     </span>
    </p>
   </div>
   <div class='ocr_carea' id='block_1_5' title="bbox 260 3216 2223 3381">
    <p class='ocr_par' dir='ltr' id='par_1_7' title="bbox 260 3216 2223 3381">
     <span class='ocr_line' id='line_1_42' title="bbox 260 3216 464 3267; baseline -0.025 -13"><span class='ocrx_word' id='word_1_430' title='bbox 260 3216 464 3267; x_wconf 65' lang='lat' dir='ltr'>quatur,</span> 
     </span>
     <span class='ocr_line' id='line_1_43' title="bbox 2047 3323 2223 3381; baseline -0.028 -7"><span class='ocrx_word' id='word_1_431' title='bbox 2047 3323 2098 3381; x_wconf 62' lang='grc' dir='ltr'>ἓ.</span> <span class='ocrx_word' id='word_1_432' title='bbox 2130 3323 2223 3371; x_wconf 86' lang='grc' dir='ltr'><strong>ΙΙΙ.</strong></span> 
     </span>
    </p>
   </div>
   <div class='ocr_carea' id='block_1_6' title="bbox 2610 3660 2654 4085">
    <p class='ocr_par' dir='ltr' id='par_1_8' title="bbox 2610 3660 2654 4085">
     <span class='ocr_line' id='line_1_44' title="bbox 2610 3660 2654 4085; baseline 0 0"><span class='ocrx_word' id='word_1_433' title='bbox 2610 3660 2654 4085; x_wconf 95' lang='lat' dir='ltr'> </span> 
     </span>
    </p>
   </div>
  </div>
 </body>
</html>
