2654 4085
958 391 1803 496 QUINTUSc
2185 417 2280 492 17

344 555 453 636 Μ.
472 547 915 636 Philocardii
949 550 1462 627 Enarrationes
1492 550 1564 626 in
1589 548 1943 626 eumdem
1967 549 2380 631 sermonem

564 670 567 671 ’
642 694 646 698 -
943 650 1312 729 foeliciter
1349 652 1718 748 incipiunt
1739 708 1757 727 .

404 820 471 871 W.
510 834 552 868 ι.
585 820 657 882 [a]
696 819 905 868 Arcadio
935 821 1210 885 fiqspendere
1232 817 1416 882 spicula
1453 834 1652 869 trunco.
1697 820 1799 869 Cur
1827 818 2034 869 Arcadio
2062 818 2090 867 ἓ
2132 819 2279 868 Certe
2326 833 2378 870 ut

339 882 624 950 significaret
658 886 838 940 Poeta,
871 886 1104 934 Pastorem
1135 886 1228 933 effe
1257 886 1301 932 se
1344 887 1616 934 Arcadem.

405 947 471 1002 V.
509 964 564 997 z.
585 950 662 1011 [b]
692 951 970 1013 Sattataque
996 952 1135 998 multo
1167 951 1386 997 vulnere.
1423 949 1775 1000 Graeculorum
1806 952 2089 1009 nationem,
2131 950 2191 1007 ab
2222 950 2265 998 fe
2307 951 2378 1000 su-

334 1014 599 1076 perioribus
628 1013 920 1062 sermonibus
975 1016 1286 1077 profligatam
1306 1044 1321 1069 ,
1351 1016 1618 1078 intelligit.
1641 1017 1726 1062 Sed
1746 1046 1762 1072 ,
1794 1032 1852 1063 ne
1877 1016 2145 1081 quidquam
2172 1014 2378 1064 diffimu-

332 1079 463 1134 lem,
491 1093 691 1135 vereor,
725 1094 783 1128 ne
810 1093 906 1127 non
938 1077 1089 1127 fuerit
1120 1092 1218 1127 tam
1257 1094 1461 1127 cruenta
1483 1084 1605 1127 haec
1631 1094 1827 1142 pugna,
1857 1097 2001 1144 quam
2029 1094 2263 1143 putatur.
2302 1083 2377 1134 Sic

335 1145 462 1190 enim
496 1142 696 1188 censeo:
731 1143 994 1192 Graeculos
1022 1160 1172 1207 usque
1200 1144 1323 1192 adeo
1367 1145 1581 1193 nondum
1611 1143 1737 1191 fusos
1768 1145 1858 1192 effe
1890 1161 1947 1193 ac
1983 1146 2273 1210 profligatos
2295 1158 2380 1202 ,ut

336 1206 418 1253 diu
451 1205 619 1252 vit-‘iuri
649 1204 734 1252 lint
763 1206 970 1263 hilares,
1028 1221 1178 1270 atque
1211 1209 1333 1256 adeo
1363 1210 1652 1273 regnaturi.
1686 1210 1760 1257 llli
1793 1213 1954 1267 eni-m,
1980 1223 2216 1274 quum·ne
2244 1211 2304 1258 de
2337 1210 2382 1257 se

337 1271 533 1332 quidem
564 1269 660 1317 dici
691 1272 739 1316 in
778 1271 912 1319 Lucii
952 1271 1250 1319 sermonibus
1304 1275 1456 1336 vulgo
1505 1286 1770 1335 putarent,
1810 1291 1897 1322 nec
1945 1278 2004 1322 ad
2052 1278 2096 1323 se
2141 1277 2385 1337 pertinere

335 1333 602 1396 quidquam
632 1349 795 1382 eorum
835 1335 1222 1391 arbitrarentur,
1261 1339 1527 1397 petitiones
1553 1341 1731 1385 'omnes
1774 1337 2077 1400 effugerunt.
2122 1342 2307 1385 Contra
2358 1354 2387 1386 e

337 1397 462 1446 veris
505 1398 756 1442 Litteratis
798 1400 1053 1452 nonnulli,
1093 1400 1138 1442 se
1166 1402 1266 1454 peti
1298 1404 1651 1457 existimantes,
1678 1413 1826 1462 quum
1855 1402 2016 1447 emissa
2046 1403 2268 1450 volarent
2287 1402 2380 1462 spi-

337 1460 478 1512 cula,
511 1471 691 1504 temere
720 1461 1102 1504 intercurrerunt
1132 1471 1152 1512 ,·
1182 1456 1360 1517 suoque
1383 1457 1432 1502 se
1463 1471 1670 1516 corpore
1707 1463 1973 1519 excoepisse
2020 1465 2222 1512 vulnera
2260 1481 2380 1514 con-

335 1523 482 1587 questi
515 1521 774 1569 sunt..Sed
812 1519 866 1569 ὅ(
904 1522 950 1568 bi
981 1523 1121 1583 pauci
1154 1520 1354 1582 quidam
1388 1518 1618 1568 fuerunt:
1639 1517 1694 1567 &
1715 1525 1953 1569 certiores
1983 1523 2094 1571 faeti
2144 1530 2260 1575 nihil
2293 1532 2379 1578 ho-

336 1589 436 1636 stile
463 1599 546 1633 aut
573 1589 819 1634 inimicum
847 1600 1018 1634 contra
1050 1586 1092 1634 se
1119 1585 1351 1648 cogitasse
1380 1587 1578 1634 Lucium
1598 1615 1614 1642 ,
1639 1584 1787 1644 ⁴facile
1827 1587 2104 1637 vulneribus
2147 1591 2239 1639 suis
2262 1622 2279 1649 ,
2322 1606 2379 1641 ut

337 1654 582 1708 arbitror,
615 1652 933 1699 medebuntur
954 1682 972 1697 0

403 1717 471 1771 W.
503 1716 553 1764 6.
587 1719 658 1780 (c)
698 1716 1096 1780 Asperiorsblito.
1127 1714 1399 1765 Leniffimus
1432 1715 1492 1763 est
1524 1716 1914 1766 florentinorum
1945 1720 2128 1779 sermo,
2149 1719 2378 1772 leniffima

336 1782 613 1831 litterarum
643 1781 1167 1842 adpella.tio,leniffimi
1190 1815 1204 1837 ‚
1224 1795 1414 1843 praeter
1449 1793 1632 1829 ceteras
1662 1786 1919 1841 nationes,
1948 1801 2102 1841 mores
2126 1817 2140 1834 .
2168 1789 2378 1836 Miratus

337 1847 401 1895 est
431 1848 597 1906 itaque
624 1848 870 1901 Luci-us,a
899 1859 996 1892 tam
1027 1848 1121 1892 leni
1157 1849 1363 1908 mitique
1403 1848 1602 1893 natione
1631 1849 1835 1909 potuilse
1870 1862 1967 1896 tam
1995 1850 2210 1912 asperum
2238 1868 2379 1914 prae-

333 1925 408 1958 ter
437 1912 834 1957 consuetudinem
858 1941 873 1965 ,
903 1924 1051 1972 atq-ue
1078 1911 1309 1958 absonum
1330 1941 1345 1966 ,
1376 1925 1571 1973 tamque
1598 1913 1911 1962 inhumanum
1941 1913 2204 1964 sermonem
2222 1933 2376 1981 ‚qua-

332 1976 389 2023 lis
417 1974 476 2019 ad
505 1974 655 2035 ipsum
687 1976 815 2035 vulgi
848 1991 1036 2023 rumore
1067 1976 1280 2036 perlatus
1314 1975 1392 2031 est,
1419 1976 1578 2037 perfici
1610 1979 1847 2038 potuitse.

402 2039 474 2094 VJ.
521 2040 686 2101 19.[d]
708 2039 941 2107 Offijrago
960 2043 1117 2088 mel-tm
1146 2041 1302 2093 haculo
1335 2044 1636 2102 manficcsshere
1660 2044 1797 2106 postet
1825 2047 1997 2094 Scurra
2021 2060 2226 2110 procax·
2264 2050 2373 2098 Hoc

335 2119 430 2167 ego
459 2106 696 2153 adciderit
725 2121 782 2152 ne
814 2108 967 2154 adhuc
1001 2105 1241 2161 Cesellio,
1276 2107 1460 2153 nescio:
1497 2107 1571 2154 sed
1608 2122 1740 2156 certe
1771 2111 1913 2158 valde
1957 2112 2219 2160 verendum
2269 2116 2331 2160 est
2357 2144 2372 2169 ,

333 2185 396 2217 ne
422 2170 645 2218 adcidat.
680 2171 826 2229 Qod
849 2172 1070 2234 equidem
1105 2173 1254 2233 magis
1284 2171 1554 2231 improbare
1584 2188 1791 2235 queam,
1815 2174 1842 2222 fi
1872 2175 1991 2236 fiat,
2019 2192 2162 2241 quarn
2193 2177 2371 2225 facium

334 2237 498 2282 mirari
523 2266 535 2280 .
559 2236 720 2295 Qum
755 2238 881 2283 enim
913 2237 991 2282 ille
1022 2252 1116 2282 non
1149 2240 1290 2283 modo
1319 2239 1364 2282 in
1388 2239 1548 2283 l'atres
1573 2236 1846 2299 Pompeium
1865 2242 2153 2290 Venturium
2180 2241 2231 2292 &
2253 2244 2372 2290 Hie-

333 2314 588 2357 ronymum
628 2300 1010 2362 Lagomarlinu‘m
1043 2301 1508 2348 con-tumelioliffime
1537 2302 1751 2350 inveeius
1780 2304 1832 2351 sit
1853 2336 1868 2361 ,
1899 2322 2064 2354 verum
2093 2309 2367 2354 etiamuni-

333 2364 474 2411 verso
496 2363 785 2425 Jesuitarum
815 2368 994 2413 Coetui
1022 2367 1167 2412 homo
1193 2365 1535 2414 obscurissimus
1565 2382 1621 2414 ac
1649 2369 1791 2427 plane
1816 2369 2029 2431 plebeius
2057 2374 2104 2418 in
2137 2373 2236 2434 ipsa
2264 2372 2375 2419 Flo-

334 2431 530 2476 rentina
560 2431 675 2475 urbe
712 2431 1044 2477 maledixerit:
1074 2432 1342 2477 Florentini
1380 2445 1541 2477 autem
1566 2432 1783 2493 Jesuirae
1816 2435 2248 2496 spetqatiffimamt
2287 2451 2373 2484 au-

334 2493 418 2540 dtio
441 2524 457 2549 ,
486 2495 673 2554 patriae
713 2495 820 2541 suae
851 2496 1175 2558 primariaque
1206 2495 1467 2543 nobilitate
1505 2496 1746 2553 floreant,
1780 2498 1966 2563 sintque
2001 2501 2221 2563 plerique
2249 2519 2274 2549 e
2304 2499 2374 2548 fa-

339 2558 483 2604 miliis
518 2559 752 2605 Altovitis
775 2590 789 2615 ,
827 2562 1127 2616 Antinoriis,
1156 2563 1477 2624 Arrighettis,
1508 2564 1902 2622 Averraz-zaniis,
1950 2566 2220 2628 Bagnefiis,
2265 2569 2373 2614 Bar-

339 2623 555 2677 tonniis,
590 2626 972 2679 Carnesecchiis,
1004 2625 1158 2681 llciis,
1189 2628 1503 2688 Jacominiis,
1536 2628 1826 2684 b‘lanettiis,
1850 2630 2117 2688 Mediceis,
2151 2632 2371 2679 Narvae-

335 2688 453 2742 ziis,
487 2688 800 2741 Portinariis,
849 2691 1171 2746 Ptolemaeis,
1219 2692 1408 2744 Rotiis,
1452 2692 1626 2747 Seriis,
1657 2695 1922 2753 Strozziis,
1957 2696 2201 2751 Vitelliis,
2239 2698 2370 2744 aliis-

336 2766 430 2812 que
460 2752 816 2810 compluribus:
852 2756 1048 2803 minime
1084 2756 1352 2803 mirandum
1391 2755 1533 2810 effer,
1562 2756 1591 2803 ss
1620 2762 1724 2820 quis
1763 2774 1928 2806 eorum
1968 2774 2052 2807 aut
2080 2762 2369 2823 consangui-

338 2828 483 2871 neus,
515 2829 601 2863 aut
630 2817 798 2866 adfinis
822 2848 838 2875 ,
886 2833 973 2868 aut
1010 2823 1309 2884 propinquus
1342 2822 1525 2884 aliquid
1552 2821 1611 2869 de
1643 2824 1735 2871 hoc
1754 2822 2029 2888 offifragio‚
2065 2827 2125 2873 ad
2156 2826 2367 2874 familiae

338 2881 683 2927 contumeliam
729 2885 1066 2934 vindicandam
1090 2917 1105 2941 ,
1141 2892 1419 2949 cogitaret·
1454 2889 1602 2934 Certe
1629 2887 1656 2933 fi
1706 2890 1902 2950 quando
1945 2888 2177 2944 eiusmodi
2227 2890 2366 2937 fami-

335 2943 507 2991 liarum
538 2944 612 2991 vel
643 2945 766 3004 ipsos
797 2950 1081 3012 pedisequos
1113 2964 1198 2999 aut
1228 2953 1420 3014 aurigas
1453 2951 1844 3001 contumeliosius
1874 2955 2064 3002 tractari
2095 2957 2364 3017 contingit,

336 3023 481 3069 quam
520 3024 616 3056 non
649 3009 696 3055 id
730 3010 902 3059 leviter
935 3012 1149 3072 feratur,
1175 3029 1459 3079 quantoque
1485 3032 1632 3078 opere
1657 3017 1719 3064 ab
1747 3018 1955 3067 dominis
1979 3050 1994 3075 ,
2030 3020 2109 3066 fibi
2149 3032 2200 3066 ut
2232 3021 2366 3066 satis—

336 3072 450 3124 fiat,
493 3074 775 3129 laboretur,
800 3078 923 3126 haud
954 3082 1262 3142 ignoramus.
1307 3083 1351 3129 Si
1390 3082 1572 3143 igitur,
1606 3082 1655 3129 in
1681 3084 1982 3132 atrociffimis
2017 3085 2202 3131 suorum
2249 3101 2365 3145 pro-

335 3138 632 3200 pinquorum
664 3143 968 3188 contumeliis
991 3174 1006 3199 ,
1033 3146 1217 3209 aliquid
1246 3147 1482 3209 gravioris
1503 3147 1926 3196 animadversionis
1958 3165 1982 3194 a
2019 3161 2115 3194 tam
2146 3151 2365 3208 potenti-

338 3202 425 3249 bus
460 3201 651 3249 familiis
682 3204 998 3263 statueretur,
1024 3224 1133 3258 num
1162 3211 1276 3259 effer
1310 3211 1619 3261 mirandum?
1656 3213 1803 3275 Qod
1842 3215 1869 3260 1}
1910 3217 2078 3259 horum
2133 3214 2364 3261 severita-

339 3274 438 3312 tem
471 3267 701 3315 Cesellius
734 3269 974 3323 evaserit,
1000 3286 1109 3321 num
1151 3277 1265 3323 nihil
1300 3287 1530 3333 veretur,
1564 3292 1622 3324 ne
1657 3281 1983 3338 reliquorum,
2034 3279 2114 3339 qui
2148 3278 2362 3338 jesuita-

339 3343 443 3380 rum
480 3347 628 3396 opera
661 3348 812 3396 atque
833 3334 1039 3385 confiliis
1069 3340 1270 3389 multum
1308 3353 1548 3403 utuntur,
1574 3356 1682 3392 curn
1721 3343 1873 3404 iisque
1909 3343 2015 3390 sunt
2062 3358 2228 3391 eorum
2268 3360 2365 3392 me-

1245 3407 1288 3453 G
2204 3409 2302 3456 rit·
